%% This BibTeX bibliography file was created using BibDesk.
%% http://bibdesk.sourceforge.net/

%% Created for Tyler Durden at 2016-04-19 15:24:02 +0200 


%% Saved with string encoding Unicode (UTF-8) 



@article{berenda2010homografie,
	Author = {Martin Berenda},
	Date-Added = {2016-04-18 21:48:05 +0000},
	Date-Modified = {2016-04-18 22:02:24 +0000},
	Journal = {Trilobit [online] http://trilobit.fai.utb.cz/homografie-a-epipolarni-geometrie},
	Keywords = {homografie},
	Lastchecked = {18.4.2016},
	Publisher = {VUT brno},
	Read = {1},
	Title = {Homografie a epipol{\'a}rn{\'\i} geometrie},
	Url = {http://trilobit.fai.utb.cz/homografie-a-epipolarni-geometrie},
	Urldate = {31.10.2010},
	Year = {2010}}

@article{fischler1981random,
	Author = {Fischler, Martin A and Bolles, Robert C},
	Date-Added = {2016-04-08 12:35:17 +0000},
	Date-Modified = {2016-04-08 12:35:17 +0000},
	Journal = {Communications of the ACM},
	Number = {6},
	Pages = {381--395},
	Publisher = {ACM},
	Title = {Random sample consensus: a paradigm for model fitting with applications to image analysis and automated cartography},
	Volume = {24},
	Year = {1981}}

@inproceedings{dalal2005histograms,
	Author = {Dalal, Navneet and Triggs, Bill},
	Booktitle = {Computer Vision and Pattern Recognition, 2005. CVPR 2005. IEEE Computer Society Conference on},
	Date-Added = {2016-04-08 12:34:44 +0000},
	Date-Modified = {2016-04-08 12:34:52 +0000},
	Keywords = {HoG},
	Organization = {IEEE},
	Pages = {886--893},
	Title = {Histograms of oriented gradients for human detection},
	Volume = {1},
	Year = {2005}}

@inproceedings{viola2001rapid,
	Author = {Viola, Paul and Jones, Michael},
	Booktitle = {Computer Vision and Pattern Recognition, 2001. CVPR 2001. Proceedings of the 2001 IEEE Computer Society Conference on},
	Date-Added = {2016-04-08 12:34:03 +0000},
	Date-Modified = {2016-04-08 12:34:11 +0000},
	Keywords = {Haar},
	Organization = {IEEE},
	Pages = {I--511},
	Title = {Rapid object detection using a boosted cascade of simple features},
	Volume = {1},
	Year = {2001}}

@inproceedings{neumann2012real,
	Author = {Neumann, Luk{\'a}{\v{s}} and Matas, Ji{\v{r}}{\'\i}},
	Booktitle = {Computer Vision and Pattern Recognition (CVPR), 2012 IEEE Conference on},
	Date-Added = {2016-04-08 12:33:02 +0000},
	Date-Modified = {2016-04-08 12:33:23 +0000},
	Keywords = {MSER},
	Organization = {IEEE},
	Pages = {3538--3545},
	Title = {Real-time scene text localization and recognition},
	Year = {2012}}

@article{matas2004robust,
	Author = {Matas, Jiri and Chum, Ondrej and Urban, Martin and Pajdla, Tom{\'a}s},
	Date-Added = {2016-04-08 12:29:05 +0000},
	Date-Modified = {2016-04-08 12:29:14 +0000},
	Journal = {Image and vision computing},
	Keywords = {MSER},
	Number = {10},
	Pages = {761--767},
	Publisher = {Elsevier},
	Title = {Robust wide-baseline stereo from maximally stable extremal regions},
	Volume = {22},
	Year = {2004}}

@inproceedings{beis1997shape,
	Author = {Beis, Jeffrey S and Lowe, David G},
	Booktitle = {Computer Vision and Pattern Recognition, 1997. Proceedings., 1997 IEEE Computer Society Conference on},
	Date-Added = {2016-04-07 22:20:28 +0000},
	Date-Modified = {2016-04-07 22:20:33 +0000},
	Organization = {IEEE},
	Pages = {1000--1006},
	Read = {0},
	Title = {Shape indexing using approximate nearest-neighbour search in high-dimensional spaces},
	Year = {1997}}

@article{calonder2010brief,
	Author = {Calonder, Michael and Lepetit, Vincent and Strecha, Christoph and Fua, Pascal},
	Date-Added = {2016-03-24 12:41:49 +0000},
	Date-Modified = {2016-03-24 12:43:19 +0000},
	Journal = {Computer Vision--ECCV 2010},
	Keywords = {Slam, BRIEF},
	Pages = {778--792},
	Publisher = {Springer},
	Title = {Brief: Binary robust independent elementary features},
	Year = {2010},
	Bdsk-File-1 = {YnBsaXN0MDDUAQIDBAUGJCVYJHZlcnNpb25YJG9iamVjdHNZJGFyY2hpdmVyVCR0b3ASAAGGoKgHCBMUFRYaIVUkbnVsbNMJCgsMDxJXTlMua2V5c1pOUy5vYmplY3RzViRjbGFzc6INDoACgAOiEBGABIAFgAdccmVsYXRpdmVQYXRoWWFsaWFzRGF0YV8QMy4uLy4uLy4uL0RvY3VtZW50cy9QREYvRkFWL0Jha2FsYXJreS9TTEFNL0JSSUVGLnBkZtIXCxgZV05TLmRhdGFPEQGkAAAAAAGkAAIAAAxNYWNpbnRvc2ggSEQAAAAAAAAAAAAAAAAAAADNYmtMSCsAAANaMqcJQlJJRUYucGRmAAAAAAAAAAAAAAAAAAAAAAAAAAAAAAAAAAAAAAAAAAAAAAAAAAAAAAAAAAAAAAAAAAAAAAAABA1tztLNbdAAAAAAAAAAAAADAAYAAAkgAAAAAAAAAAAAAAAAAAAABFNMQU0AEAAIAADNYl08AAAAEQAIAADSzV/AAAAAAQAcA1oypwNaMpECENSAAIJTaQAFM3gABTN3AADAJQACAEpNYWNpbnRvc2ggSEQ6VXNlcnM6AFR5bGVyOgBEb2N1bWVudHM6AFBERjoARkFWOgBCYWthbGFya3k6AFNMQU06AEJSSUVGLnBkZgAOABQACQBCAFIASQBFAEYALgBwAGQAZgAPABoADABNAGEAYwBpAG4AdABvAHMAaAAgAEgARAASADZVc2Vycy9UeWxlci9Eb2N1bWVudHMvUERGL0ZBVi9CYWthbGFya3kvU0xBTS9CUklFRi5wZGYAEwABLwAAFQACAAz//wAAgAbSGxwdHlokY2xhc3NuYW1lWCRjbGFzc2VzXU5TTXV0YWJsZURhdGGjHR8gVk5TRGF0YVhOU09iamVjdNIbHCIjXE5TRGljdGlvbmFyeaIiIF8QD05TS2V5ZWRBcmNoaXZlctEmJ1Ryb290gAEACAARABoAIwAtADIANwBAAEYATQBVAGAAZwBqAGwAbgBxAHMAdQB3AIQAjgDEAMkA0QJ5AnsCgAKLApQCogKmAq0CtgK7AsgCywLdAuAC5QAAAAAAAAIBAAAAAAAAACgAAAAAAAAAAAAAAAAAAALn}}

@article{rosten2010faster,
	Author = {Rosten, Edward and Porter, Reid and Drummond, Tom},
	Date-Added = {2016-02-19 13:25:29 +0000},
	Date-Modified = {2016-02-19 13:26:57 +0000},
	Journal = {Pattern Analysis and Machine Intelligence, IEEE Transactions on},
	Keywords = {FAST},
	Number = {1},
	Pages = {105--119},
	Publisher = {IEEE},
	Read = {1},
	Title = {Faster and better: A machine learning approach to corner detection},
	Volume = {32},
	Year = {2010},
	Bdsk-File-1 = {YnBsaXN0MDDUAQIDBAUGJCVYJHZlcnNpb25YJG9iamVjdHNZJGFyY2hpdmVyVCR0b3ASAAGGoKgHCBMUFRYaIVUkbnVsbNMJCgsMDxJXTlMua2V5c1pOUy5vYmplY3RzViRjbGFzc6INDoACgAOiEBGABIAFgAdccmVsYXRpdmVQYXRoWWFsaWFzRGF0YV8QMi4uLy4uLy4uL0RvY3VtZW50cy9QREYvRkFWL0Jha2FsYXJreS9TTEFNL0ZBU1QucGRm0hcLGBlXTlMuZGF0YU8RAaIAAAAAAaIAAgAADE1hY2ludG9zaCBIRAAAAAAAAAAAAAAAAAAAAM1ia0xIKwAAA1oypwhGQVNULnBkZgAAAAAAAAAAAAAAAAAAAAAAAAAAAAAAAAAAAAAAAAAAAAAAAAAAAAAAAAAAAAAAAAAAAAAAAAAEOpwX0uzV0wAAAAAAAAAAAAMABgAACSAAAAAAAAAAAAAAAAAAAAAEU0xBTQAQAAgAAM1iXTwAAAARAAgAANLsx8MAAAABABwDWjKnA1oykQIQ1IAAglNpAAUzeAAFM3cAAMAlAAIASU1hY2ludG9zaCBIRDpVc2VyczoAVHlsZXI6AERvY3VtZW50czoAUERGOgBGQVY6AEJha2FsYXJreToAU0xBTToARkFTVC5wZGYAAA4AEgAIAEYAQQBTAFQALgBwAGQAZgAPABoADABNAGEAYwBpAG4AdABvAHMAaAAgAEgARAASADVVc2Vycy9UeWxlci9Eb2N1bWVudHMvUERGL0ZBVi9CYWthbGFya3kvU0xBTS9GQVNULnBkZgAAEwABLwAAFQACAAz//wAAgAbSGxwdHlokY2xhc3NuYW1lWCRjbGFzc2VzXU5TTXV0YWJsZURhdGGjHR8gVk5TRGF0YVhOU09iamVjdNIbHCIjXE5TRGljdGlvbmFyeaIiIF8QD05TS2V5ZWRBcmNoaXZlctEmJ1Ryb290gAEACAARABoAIwAtADIANwBAAEYATQBVAGAAZwBqAGwAbgBxAHMAdQB3AIQAjgDDAMgA0AJ2AngCfQKIApECnwKjAqoCswK4AsUCyALaAt0C4gAAAAAAAAIBAAAAAAAAACgAAAAAAAAAAAAAAAAAAALk}}

@article{kahn1990fast,
	Author = {Kahn, Philip and Kitchen, L and Riseman, Edward M.},
	Date-Added = {2015-12-25 12:51:19 +0000},
	Date-Modified = {2015-12-25 12:53:04 +0000},
	Journal = {Pattern Analysis and Machine Intelligence, IEEE Transactions on},
	Keywords = {Slam, image features, Line features, FLF, Machine vision, Image processing},
	Number = {11},
	Pages = {1098--1102},
	Publisher = {IEEE},
	Read = {1},
	Title = {A fast line finder for vision-guided robot navigation},
	Volume = {12},
	Year = {1990},
	Bdsk-File-1 = {YnBsaXN0MDDUAQIDBAUGJCVYJHZlcnNpb25YJG9iamVjdHNZJGFyY2hpdmVyVCR0b3ASAAGGoKgHCBMUFRYaIVUkbnVsbNMJCgsMDxJXTlMua2V5c1pOUy5vYmplY3RzViRjbGFzc6INDoACgAOiEBGABIAFgAdccmVsYXRpdmVQYXRoWWFsaWFzRGF0YV8QQC4uLy4uLy4uL0RvY3VtZW50cy9QREYvRkFWL0Jha2FsYXJreS9TTEFNL0EgZmFzdCBsaW5lIGZpbmRlci5wZGbSFwsYGVdOUy5kYXRhTxEB2gAAAAAB2gACAAAMTWFjaW50b3NoIEhEAAAAAAAAAAAAAAAAAAAAzWJrTEgrAAADWjKnFkEgZmFzdCBsaW5lIGZpbmRlci5wZGYAAAAAAAAAAAAAAAAAAAAAAAAAAAAAAAAAAAAAAAAAAAAAAAAAAAAAAAPSDX7SojyDAAAAAAAAAAAAAwAGAAAJIAAAAAAAAAAAAAAAAAAAAARTTEFNABAACAAAzWJdPAAAABEACAAA0qIucwAAAAEAHANaMqcDWjKRAhDUgACCU2kABTN4AAUzdwAAwCUAAgBXTWFjaW50b3NoIEhEOlVzZXJzOgBUeWxlcjoARG9jdW1lbnRzOgBQREY6AEZBVjoAQmFrYWxhcmt5OgBTTEFNOgBBIGZhc3QgbGluZSBmaW5kZXIucGRmAAAOAC4AFgBBACAAZgBhAHMAdAAgAGwAaQBuAGUAIABmAGkAbgBkAGUAcgAuAHAAZABmAA8AGgAMAE0AYQBjAGkAbgB0AG8AcwBoACAASABEABIAQ1VzZXJzL1R5bGVyL0RvY3VtZW50cy9QREYvRkFWL0Jha2FsYXJreS9TTEFNL0EgZmFzdCBsaW5lIGZpbmRlci5wZGYAABMAAS8AABUAAgAM//8AAIAG0hscHR5aJGNsYXNzbmFtZVgkY2xhc3Nlc11OU011dGFibGVEYXRhox0fIFZOU0RhdGFYTlNPYmplY3TSGxwiI1xOU0RpY3Rpb25hcnmiIiBfEA9OU0tleWVkQXJjaGl2ZXLRJidUcm9vdIABAAgAEQAaACMALQAyADcAQABGAE0AVQBgAGcAagBsAG4AcQBzAHUAdwCEAI4A0QDWAN4CvAK+AsMCzgLXAuUC6QLwAvkC/gMLAw4DIAMjAygAAAAAAAACAQAAAAAAAAAoAAAAAAAAAAAAAAAAAAADKg==}}

@techreport{moravec1980obstacle,
	Author = {Moravec, Hans P},
	Date-Added = {2015-11-02 20:53:51 +0000},
	Date-Modified = {2016-02-19 10:23:31 +0000},
	Institution = {DTIC Document},
	Keywords = {Moravec, Machine vision, Image processing, monoslam, slam, image features},
	Read = {1},
	Title = {Obstacle avoidance and navigation in the real world by a seeing robot rover.},
	Year = {1980},
	Bdsk-File-1 = {YnBsaXN0MDDUAQIDBAUGJCVYJHZlcnNpb25YJG9iamVjdHNZJGFyY2hpdmVyVCR0b3ASAAGGoKgHCBMUFRYaIVUkbnVsbNMJCgsMDxJXTlMua2V5c1pOUy5vYmplY3RzViRjbGFzc6INDoACgAOiEBGABIAFgAdccmVsYXRpdmVQYXRoWWFsaWFzRGF0YV8QQS4uLy4uLy4uL0RvY3VtZW50cy9QREYvRkFWL0Jha2FsYXJreS9TTEFNL21vcmF2ZWNfaGFuc18xOTgwXzEucGRm0hcLGBlXTlMuZGF0YU8RAdwAAAAAAdwAAgAADE1hY2ludG9zaCBIRAAAAAAAAAAAAAAAAAAAAM1ia0xIKwAAA1oypxdtb3JhdmVjX2hhbnNfMTk4MF8xLnBkZgAAAAAAAAAAAAAAAAAAAAAAAAAAAAAAAAAAAAAAAAAAAAAAAAAAAAADlFZY0l2LywAAAAAAAAAAAAMABgAACSAAAAAAAAAAAAAAAAAAAAAEU0xBTQAQAAgAAM1iXTwAAAARAAgAANJdfbsAAAABABwDWjKnA1oykQIQ1IAAglNpAAUzeAAFM3cAAMAlAAIAWE1hY2ludG9zaCBIRDpVc2VyczoAVHlsZXI6AERvY3VtZW50czoAUERGOgBGQVY6AEJha2FsYXJreToAU0xBTToAbW9yYXZlY19oYW5zXzE5ODBfMS5wZGYADgAwABcAbQBvAHIAYQB2AGUAYwBfAGgAYQBuAHMAXwAxADkAOAAwAF8AMQAuAHAAZABmAA8AGgAMAE0AYQBjAGkAbgB0AG8AcwBoACAASABEABIARFVzZXJzL1R5bGVyL0RvY3VtZW50cy9QREYvRkFWL0Jha2FsYXJreS9TTEFNL21vcmF2ZWNfaGFuc18xOTgwXzEucGRmABMAAS8AABUAAgAM//8AAIAG0hscHR5aJGNsYXNzbmFtZVgkY2xhc3Nlc11OU011dGFibGVEYXRhox0fIFZOU0RhdGFYTlNPYmplY3TSGxwiI1xOU0RpY3Rpb25hcnmiIiBfEA9OU0tleWVkQXJjaGl2ZXLRJidUcm9vdIABAAgAEQAaACMALQAyADcAQABGAE0AVQBgAGcAagBsAG4AcQBzAHUAdwCEAI4A0gDXAN8CvwLBAsYC0QLaAugC7ALzAvwDAQMOAxEDIwMmAysAAAAAAAACAQAAAAAAAAAoAAAAAAAAAAAAAAAAAAADLQ==}}

@inproceedings{dellaert2000feature,
	Author = {Dellaert, Frank and Seitz, Steven M and Thrun, Sebastian and Thorpe, Charles},
	Booktitle = {NIPS},
	Date-Added = {2015-11-02 00:15:16 +0000},
	Date-Modified = {2015-11-02 00:15:59 +0000},
	Keywords = {data association, Machine vision, Image processing, monoslam, slam, image features},
	Pages = {852--858},
	Title = {Feature correspondence: A markov chain monte carlo approach},
	Year = {2000},
	Bdsk-File-1 = {YnBsaXN0MDDUAQIDBAUGJCVYJHZlcnNpb25YJG9iamVjdHNZJGFyY2hpdmVyVCR0b3ASAAGGoKgHCBMUFRYaIVUkbnVsbNMJCgsMDxJXTlMua2V5c1pOUy5vYmplY3RzViRjbGFzc6INDoACgAOiEBGABIAFgAdccmVsYXRpdmVQYXRoWWFsaWFzRGF0YV8QbS4uLy4uLy4uL0RvY3VtZW50cy9QREYvRkFWL0Jha2FsYXJreS9TTEFNLzE4MzgtZmVhdHVyZS1jb3JyZXNwb25kZW5jZS1hLW1hcmtvdi1jaGFpbi1tb250ZS1jYXJsby1hcHByb2FjaC5wZGbSFwsYGVdOUy5kYXRhTxECaAAAAAACaAACAAAMTWFjaW50b3NoIEhEAAAAAAAAAAAAAAAAAAAAzWJrTEgrAAADWjKnHzE4MzgtZmVhdHVyZS1jb3JyZXMjMzkyQTY0Ny5wZGYAAAAAAAAAAAAAAAAAAAAAAAAAAAAAAAAAAAAAAAAAAAOSpkfSWHMYAAAAAAAAAAAAAwAGAAAJIAAAAAAAAAAAAAAAAAAAAARTTEFNABAACAAAzWJdPAAAABEACAAA0lhlCAAAAAEAHANaMqcDWjKRAhDUgACCU2kABTN4AAUzdwAAwCUAAgBgTWFjaW50b3NoIEhEOlVzZXJzOgBUeWxlcjoARG9jdW1lbnRzOgBQREY6AEZBVjoAQmFrYWxhcmt5OgBTTEFNOgAxODM4LWZlYXR1cmUtY29ycmVzIzM5MkE2NDcucGRmAA4AiABDADEAOAAzADgALQBmAGUAYQB0AHUAcgBlAC0AYwBvAHIAcgBlAHMAcABvAG4AZABlAG4AYwBlAC0AYQAtAG0AYQByAGsAbwB2AC0AYwBoAGEAaQBuAC0AbQBvAG4AdABlAC0AYwBhAHIAbABvAC0AYQBwAHAAcgBvAGEAYwBoAC4AcABkAGYADwAaAAwATQBhAGMAaQBuAHQAbwBzAGgAIABIAEQAEgBwVXNlcnMvVHlsZXIvRG9jdW1lbnRzL1BERi9GQVYvQmFrYWxhcmt5L1NMQU0vMTgzOC1mZWF0dXJlLWNvcnJlc3BvbmRlbmNlLWEtbWFya292LWNoYWluLW1vbnRlLWNhcmxvLWFwcHJvYWNoLnBkZgATAAEvAAAVAAIADP//AACABtIbHB0eWiRjbGFzc25hbWVYJGNsYXNzZXNdTlNNdXRhYmxlRGF0YaMdHyBWTlNEYXRhWE5TT2JqZWN00hscIiNcTlNEaWN0aW9uYXJ5oiIgXxAPTlNLZXllZEFyY2hpdmVy0SYnVHJvb3SAAQAIABEAGgAjAC0AMgA3AEAARgBNAFUAYABnAGoAbABuAHEAcwB1AHcAhACOAP4BAwELA3cDeQN+A4kDkgOgA6QDqwO0A7kDxgPJA9sD3gPjAAAAAAAAAgEAAAAAAAAAKAAAAAAAAAAAAAAAAAAAA+U=}}

@inproceedings{bao2011semantic,
	Author = {Bao, Sid Yingze and Savarese, Silvio},
	Booktitle = {Computer Vision and Pattern Recognition (CVPR), 2011 IEEE Conference on},
	Date-Added = {2015-11-02 00:13:23 +0000},
	Date-Modified = {2015-12-23 18:30:34 +0000},
	Keywords = {object detection, Machine vision, Image processing, monoslam, slam, image features},
	Organization = {IEEE},
	Pages = {2025--2032},
	Read = {1},
	Title = {Semantic structure from motion},
	Year = {2011},
	Bdsk-File-1 = {YnBsaXN0MDDUAQIDBAUGJCVYJHZlcnNpb25YJG9iamVjdHNZJGFyY2hpdmVyVCR0b3ASAAGGoKgHCBMUFRYaIVUkbnVsbNMJCgsMDxJXTlMua2V5c1pOUy5vYmplY3RzViRjbGFzc6INDoACgAOiEBGABIAFgAdccmVsYXRpdmVQYXRoWWFsaWFzRGF0YV8QSi4uLy4uLy4uL0RvY3VtZW50cy9QREYvRkFWL0Jha2FsYXJreS9TTEFNL2Jhb19zc2ZtX2N2cHIyMDExX3NmbV9vYmplY3QucGRm0hcLGBlXTlMuZGF0YU8RAgAAAAAAAgAAAgAADE1hY2ludG9zaCBIRAAAAAAAAAAAAAAAAAAAAM1ia0xIKwAAA1oypx9iYW9fc3NmbV9jdnByMjAxMV9zIzNCOTQzRDcucGRmAAAAAAAAAAAAAAAAAAAAAAAAAAAAAAAAAAAAAAAAAAADuUPX0lhvtgAAAAAAAAAAAAMABgAACSAAAAAAAAAAAAAAAAAAAAAEU0xBTQAQAAgAAM1iXTwAAAARAAgAANJYYaYAAAABABwDWjKnA1oykQIQ1IAAglNpAAUzeAAFM3cAAMAlAAIAYE1hY2ludG9zaCBIRDpVc2VyczoAVHlsZXI6AERvY3VtZW50czoAUERGOgBGQVY6AEJha2FsYXJreToAU0xBTToAYmFvX3NzZm1fY3ZwcjIwMTFfcyMzQjk0M0Q3LnBkZgAOAEIAIABiAGEAbwBfAHMAcwBmAG0AXwBjAHYAcAByADIAMAAxADEAXwBzAGYAbQBfAG8AYgBqAGUAYwB0AC4AcABkAGYADwAaAAwATQBhAGMAaQBuAHQAbwBzAGgAIABIAEQAEgBNVXNlcnMvVHlsZXIvRG9jdW1lbnRzL1BERi9GQVYvQmFrYWxhcmt5L1NMQU0vYmFvX3NzZm1fY3ZwcjIwMTFfc2ZtX29iamVjdC5wZGYAABMAAS8AABUAAgAM//8AAIAG0hscHR5aJGNsYXNzbmFtZVgkY2xhc3Nlc11OU011dGFibGVEYXRhox0fIFZOU0RhdGFYTlNPYmplY3TSGxwiI1xOU0RpY3Rpb25hcnmiIiBfEA9OU0tleWVkQXJjaGl2ZXLRJidUcm9vdIABAAgAEQAaACMALQAyADcAQABGAE0AVQBgAGcAagBsAG4AcQBzAHUAdwCEAI4A2wDgAOgC7ALuAvMC/gMHAxUDGQMgAykDLgM7Az4DUANTA1gAAAAAAAACAQAAAAAAAAAoAAAAAAAAAAAAAAAAAAADWg==}}

@article{lindeberg1998feature,
	Author = {Lindeberg, Tony},
	Date-Added = {2015-11-02 00:12:05 +0000},
	Date-Modified = {2015-11-02 00:12:42 +0000},
	Journal = {International journal of computer vision},
	Keywords = {Machine vision, Image processing, monoslam, slam, image features},
	Number = {2},
	Pages = {79--116},
	Publisher = {Springer},
	Title = {Feature detection with automatic scale selection},
	Volume = {30},
	Year = {1998},
	Bdsk-File-1 = {YnBsaXN0MDDUAQIDBAUGJCVYJHZlcnNpb25YJG9iamVjdHNZJGFyY2hpdmVyVCR0b3ASAAGGoKgHCBMUFRYaIVUkbnVsbNMJCgsMDxJXTlMua2V5c1pOUy5vYmplY3RzViRjbGFzc6INDoACgAOiEBGABIAFgAdccmVsYXRpdmVQYXRoWWFsaWFzRGF0YV8QRS4uLy4uLy4uL0RvY3VtZW50cy9QREYvRkFWL0Jha2FsYXJreS9TTEFNL2N2YXAxOThfYXV0b19zY2FsZXNwYWNlLnBkZtIXCxgZV05TLmRhdGFPEQHsAAAAAAHsAAIAAAxNYWNpbnRvc2ggSEQAAAAAAAAAAAAAAAAAAADNYmtMSCsAAANaMqcbY3ZhcDE5OF9hdXRvX3NjYWxlc3BhY2UucGRmAAAAAAAAAAAAAAAAAAAAAAAAAAAAAAAAAAAAAAAAAAAAAAAAA5KHgdJYYDEAAAAAAAAAAAADAAYAAAkgAAAAAAAAAAAAAAAAAAAABFNMQU0AEAAIAADNYl08AAAAEQAIAADSWFIhAAAAAQAcA1oypwNaMpECENSAAIJTaQAFM3gABTN3AADAJQACAFxNYWNpbnRvc2ggSEQ6VXNlcnM6AFR5bGVyOgBEb2N1bWVudHM6AFBERjoARkFWOgBCYWthbGFya3k6AFNMQU06AGN2YXAxOThfYXV0b19zY2FsZXNwYWNlLnBkZgAOADgAGwBjAHYAYQBwADEAOQA4AF8AYQB1AHQAbwBfAHMAYwBhAGwAZQBzAHAAYQBjAGUALgBwAGQAZgAPABoADABNAGEAYwBpAG4AdABvAHMAaAAgAEgARAASAEhVc2Vycy9UeWxlci9Eb2N1bWVudHMvUERGL0ZBVi9CYWthbGFya3kvU0xBTS9jdmFwMTk4X2F1dG9fc2NhbGVzcGFjZS5wZGYAEwABLwAAFQACAAz//wAAgAbSGxwdHlokY2xhc3NuYW1lWCRjbGFzc2VzXU5TTXV0YWJsZURhdGGjHR8gVk5TRGF0YVhOU09iamVjdNIbHCIjXE5TRGljdGlvbmFyeaIiIF8QD05TS2V5ZWRBcmNoaXZlctEmJ1Ryb290gAEACAARABoAIwAtADIANwBAAEYATQBVAGAAZwBqAGwAbgBxAHMAdQB3AIQAjgDWANsA4wLTAtUC2gLlAu4C/AMAAwcDEAMVAyIDJQM3AzoDPwAAAAAAAAIBAAAAAAAAACgAAAAAAAAAAAAAAAAAAANB}}

@incollection{bay2006surf,
	Author = {Bay, Herbert and Tuytelaars, Tinne and Van Gool, Luc},
	Booktitle = {Computer vision--ECCV 2006},
	Date-Added = {2015-11-02 00:10:25 +0000},
	Date-Modified = {2015-11-02 00:10:50 +0000},
	Keywords = {SURF, Machine vision, Image processing, monoslam, slam, image features},
	Pages = {404--417},
	Publisher = {Springer},
	Title = {Surf: Speeded up robust features},
	Year = {2006},
	Bdsk-File-1 = {YnBsaXN0MDDUAQIDBAUGJCVYJHZlcnNpb25YJG9iamVjdHNZJGFyY2hpdmVyVCR0b3ASAAGGoKgHCBMUFRYaIVUkbnVsbNMJCgsMDxJXTlMua2V5c1pOUy5vYmplY3RzViRjbGFzc6INDoACgAOiEBGABIAFgAdccmVsYXRpdmVQYXRoWWFsaWFzRGF0YV8QOS4uLy4uLy4uL0RvY3VtZW50cy9QREYvRkFWL0Jha2FsYXJreS9TTEFNL2VjY3YwNl9TVVJGLnBkZtIXCxgZV05TLmRhdGFPEQG8AAAAAAG8AAIAAAxNYWNpbnRvc2ggSEQAAAAAAAAAAAAAAAAAAADNYmtMSCsAAANaMqcPZWNjdjA2X1NVUkYucGRmAAAAAAAAAAAAAAAAAAAAAAAAAAAAAAAAAAAAAAAAAAAAAAAAAAAAAAAAAAAAAAAAA5KIt9JYYSwAAAAAAAAAAAADAAYAAAkgAAAAAAAAAAAAAAAAAAAABFNMQU0AEAAIAADNYl08AAAAEQAIAADSWFMcAAAAAQAcA1oypwNaMpECENSAAIJTaQAFM3gABTN3AADAJQACAFBNYWNpbnRvc2ggSEQ6VXNlcnM6AFR5bGVyOgBEb2N1bWVudHM6AFBERjoARkFWOgBCYWthbGFya3k6AFNMQU06AGVjY3YwNl9TVVJGLnBkZgAOACAADwBlAGMAYwB2ADAANgBfAFMAVQBSAEYALgBwAGQAZgAPABoADABNAGEAYwBpAG4AdABvAHMAaAAgAEgARAASADxVc2Vycy9UeWxlci9Eb2N1bWVudHMvUERGL0ZBVi9CYWthbGFya3kvU0xBTS9lY2N2MDZfU1VSRi5wZGYAEwABLwAAFQACAAz//wAAgAbSGxwdHlokY2xhc3NuYW1lWCRjbGFzc2VzXU5TTXV0YWJsZURhdGGjHR8gVk5TRGF0YVhOU09iamVjdNIbHCIjXE5TRGljdGlvbmFyeaIiIF8QD05TS2V5ZWRBcmNoaXZlctEmJ1Ryb290gAEACAARABoAIwAtADIANwBAAEYATQBVAGAAZwBqAGwAbgBxAHMAdQB3AIQAjgDKAM8A1wKXApkCngKpArICwALEAssC1ALZAuYC6QL7Av4DAwAAAAAAAAIBAAAAAAAAACgAAAAAAAAAAAAAAAAAAAMF}}

@inproceedings{forstner1987fast,
	Author = {F{\"o}rstner, Wolfgang and G{\"u}lch, Eberhard},
	Booktitle = {Proc. ISPRS intercommission conference on fast processing of photogrammetric data},
	Date-Added = {2015-11-02 00:09:28 +0000},
	Date-Modified = {2015-11-02 00:09:53 +0000},
	Keywords = {Foerstner, Machine vision, Image processing, monoslam, slam, image features},
	Pages = {281--305},
	Title = {A fast operator for detection and precise location of distinct points, corners and centres of circular features},
	Year = {1987},
	Bdsk-File-1 = {YnBsaXN0MDDUAQIDBAUGJCVYJHZlcnNpb25YJG9iamVjdHNZJGFyY2hpdmVyVCR0b3ASAAGGoKgHCBMUFRYaIVUkbnVsbNMJCgsMDxJXTlMua2V5c1pOUy5vYmplY3RzViRjbGFzc6INDoACgAOiEBGABIAFgAdccmVsYXRpdmVQYXRoWWFsaWFzRGF0YV8QPi4uLy4uLy4uL0RvY3VtZW50cy9QREYvRkFWL0Jha2FsYXJreS9TTEFNL2ZvZXJzdG5lciBjb3JuZXIucGRm0hcLGBlXTlMuZGF0YU8RAdIAAAAAAdIAAgAADE1hY2ludG9zaCBIRAAAAAAAAAAAAAAAAAAAAM1ia0xIKwAAA1oypxRmb2Vyc3RuZXIgY29ybmVyLnBkZgAAAAAAAAAAAAAAAAAAAAAAAAAAAAAAAAAAAAAAAAAAAAAAAAAAAAAAAAADkoHg0lhdzQAAAAAAAAAAAAMABgAACSAAAAAAAAAAAAAAAAAAAAAEU0xBTQAQAAgAAM1iXTwAAAARAAgAANJYT70AAAABABwDWjKnA1oykQIQ1IAAglNpAAUzeAAFM3cAAMAlAAIAVU1hY2ludG9zaCBIRDpVc2VyczoAVHlsZXI6AERvY3VtZW50czoAUERGOgBGQVY6AEJha2FsYXJreToAU0xBTToAZm9lcnN0bmVyIGNvcm5lci5wZGYAAA4AKgAUAGYAbwBlAHIAcwB0AG4AZQByACAAYwBvAHIAbgBlAHIALgBwAGQAZgAPABoADABNAGEAYwBpAG4AdABvAHMAaAAgAEgARAASAEFVc2Vycy9UeWxlci9Eb2N1bWVudHMvUERGL0ZBVi9CYWthbGFya3kvU0xBTS9mb2Vyc3RuZXIgY29ybmVyLnBkZgAAEwABLwAAFQACAAz//wAAgAbSGxwdHlokY2xhc3NuYW1lWCRjbGFzc2VzXU5TTXV0YWJsZURhdGGjHR8gVk5TRGF0YVhOU09iamVjdNIbHCIjXE5TRGljdGlvbmFyeaIiIF8QD05TS2V5ZWRBcmNoaXZlctEmJ1Ryb290gAEACAARABoAIwAtADIANwBAAEYATQBVAGAAZwBqAGwAbgBxAHMAdQB3AIQAjgDPANQA3AKyArQCuQLEAs0C2wLfAuYC7wL0AwEDBAMWAxkDHgAAAAAAAAIBAAAAAAAAACgAAAAAAAAAAAAAAAAAAAMg}}

@inproceedings{harris1988combined,
	Author = {Harris, Chris and Stephens, Mike},
	Booktitle = {Alvey vision conference},
	Date-Added = {2015-11-02 00:08:26 +0000},
	Date-Modified = {2015-11-02 00:08:48 +0000},
	Keywords = {Harris, Machine vision, Image processing, monoslam, slam, image features},
	Organization = {Citeseer},
	Pages = {50},
	Title = {A combined corner and edge detector.},
	Volume = {15},
	Year = {1988},
	Bdsk-File-1 = {YnBsaXN0MDDUAQIDBAUGJCVYJHZlcnNpb25YJG9iamVjdHNZJGFyY2hpdmVyVCR0b3ASAAGGoKgHCBMUFRYaIVUkbnVsbNMJCgsMDxJXTlMua2V5c1pOUy5vYmplY3RzViRjbGFzc6INDoACgAOiEBGABIAFgAdccmVsYXRpdmVQYXRoWWFsaWFzRGF0YV8QOy4uLy4uLy4uL0RvY3VtZW50cy9QREYvRkFWL0Jha2FsYXJreS9TTEFNL0hhcnJpc19jb3JuZXIucGRm0hcLGBlXTlMuZGF0YU8RAcQAAAAAAcQAAgAADE1hY2ludG9zaCBIRAAAAAAAAAAAAAAAAAAAAM1ia0xIKwAAA1oypxFIYXJyaXNfY29ybmVyLnBkZgAAAAAAAAAAAAAAAAAAAAAAAAAAAAAAAAAAAAAAAAAAAAAAAAAAAAAAAAAAAAADk+WC0lhd9AAAAAAAAAAAAAMABgAACSAAAAAAAAAAAAAAAAAAAAAEU0xBTQAQAAgAAM1iXTwAAAARAAgAANJYT+QAAAABABwDWjKnA1oykQIQ1IAAglNpAAUzeAAFM3cAAMAlAAIAUk1hY2ludG9zaCBIRDpVc2VyczoAVHlsZXI6AERvY3VtZW50czoAUERGOgBGQVY6AEJha2FsYXJreToAU0xBTToASGFycmlzX2Nvcm5lci5wZGYADgAkABEASABhAHIAcgBpAHMAXwBjAG8AcgBuAGUAcgAuAHAAZABmAA8AGgAMAE0AYQBjAGkAbgB0AG8AcwBoACAASABEABIAPlVzZXJzL1R5bGVyL0RvY3VtZW50cy9QREYvRkFWL0Jha2FsYXJreS9TTEFNL0hhcnJpc19jb3JuZXIucGRmABMAAS8AABUAAgAM//8AAIAG0hscHR5aJGNsYXNzbmFtZVgkY2xhc3Nlc11OU011dGFibGVEYXRhox0fIFZOU0RhdGFYTlNPYmplY3TSGxwiI1xOU0RpY3Rpb25hcnmiIiBfEA9OU0tleWVkQXJjaGl2ZXLRJidUcm9vdIABAAgAEQAaACMALQAyADcAQABGAE0AVQBgAGcAagBsAG4AcQBzAHUAdwCEAI4AzADRANkCoQKjAqgCswK8AsoCzgLVAt4C4wLwAvMDBQMIAw0AAAAAAAACAQAAAAAAAAAoAAAAAAAAAAAAAAAAAAADDw==}}

@incollection{kadir2004affine,
	Author = {Kadir, Timor and Zisserman, Andrew and Brady, Michael},
	Booktitle = {Computer Vision-ECCV 2004},
	Date-Added = {2015-11-02 00:07:06 +0000},
	Date-Modified = {2015-11-02 00:07:42 +0000},
	Keywords = {Affine transformations, Machine vision, Image processing, monoslam, slam, image features},
	Pages = {228--241},
	Publisher = {Springer},
	Title = {An affine invariant salient region detector},
	Year = {2004},
	Bdsk-File-1 = {YnBsaXN0MDDUAQIDBAUGJCVYJHZlcnNpb25YJG9iamVjdHNZJGFyY2hpdmVyVCR0b3ASAAGGoKgHCBMUFRYaIVUkbnVsbNMJCgsMDxJXTlMua2V5c1pOUy5vYmplY3RzViRjbGFzc6INDoACgAOiEBGABIAFgAdccmVsYXRpdmVQYXRoWWFsaWFzRGF0YV8QRS4uLy4uLy4uL0RvY3VtZW50cy9QREYvRkFWL0Jha2FsYXJreS9TTEFNL2thZGlyMDRfYWZmaW5lX2ZlYXR1cmVzLnBkZtIXCxgZV05TLmRhdGFPEQHsAAAAAAHsAAIAAAxNYWNpbnRvc2ggSEQAAAAAAAAAAAAAAAAAAADNYmtMSCsAAANaMqcba2FkaXIwNF9hZmZpbmVfZmVhdHVyZXMucGRmAAAAAAAAAAAAAAAAAAAAAAAAAAAAAAAAAAAAAAAAAAAAAAAAA5KMWdJYYtYAAAAAAAAAAAADAAYAAAkgAAAAAAAAAAAAAAAAAAAABFNMQU0AEAAIAADNYl08AAAAEQAIAADSWFTGAAAAAQAcA1oypwNaMpECENSAAIJTaQAFM3gABTN3AADAJQACAFxNYWNpbnRvc2ggSEQ6VXNlcnM6AFR5bGVyOgBEb2N1bWVudHM6AFBERjoARkFWOgBCYWthbGFya3k6AFNMQU06AGthZGlyMDRfYWZmaW5lX2ZlYXR1cmVzLnBkZgAOADgAGwBrAGEAZABpAHIAMAA0AF8AYQBmAGYAaQBuAGUAXwBmAGUAYQB0AHUAcgBlAHMALgBwAGQAZgAPABoADABNAGEAYwBpAG4AdABvAHMAaAAgAEgARAASAEhVc2Vycy9UeWxlci9Eb2N1bWVudHMvUERGL0ZBVi9CYWthbGFya3kvU0xBTS9rYWRpcjA0X2FmZmluZV9mZWF0dXJlcy5wZGYAEwABLwAAFQACAAz//wAAgAbSGxwdHlokY2xhc3NuYW1lWCRjbGFzc2VzXU5TTXV0YWJsZURhdGGjHR8gVk5TRGF0YVhOU09iamVjdNIbHCIjXE5TRGljdGlvbmFyeaIiIF8QD05TS2V5ZWRBcmNoaXZlctEmJ1Ryb290gAEACAARABoAIwAtADIANwBAAEYATQBVAGAAZwBqAGwAbgBxAHMAdQB3AIQAjgDWANsA4wLTAtUC2gLlAu4C/AMAAwcDEAMVAyIDJQM3AzoDPwAAAAAAAAIBAAAAAAAAACgAAAAAAAAAAAAAAAAAAANB}}

@inproceedings{rublee2011orb,
	Author = {Rublee, Ethan and Rabaud, Vincent and Konolige, Kurt and Bradski, Gary},
	Booktitle = {Computer Vision (ICCV), 2011 IEEE International Conference on},
	Date-Added = {2015-11-02 00:05:45 +0000},
	Date-Modified = {2015-11-02 00:06:17 +0000},
	Keywords = {ORB, Machine vision, Image processing, monoslam, slam, image features},
	Organization = {IEEE},
	Pages = {2564--2571},
	Title = {ORB: an efficient alternative to SIFT or SURF},
	Year = {2011},
	Bdsk-File-1 = {YnBsaXN0MDDUAQIDBAUGJCVYJHZlcnNpb25YJG9iamVjdHNZJGFyY2hpdmVyVCR0b3ASAAGGoKgHCBMUFRYaIVUkbnVsbNMJCgsMDxJXTlMua2V5c1pOUy5vYmplY3RzViRjbGFzc6INDoACgAOiEBGABIAFgAdccmVsYXRpdmVQYXRoWWFsaWFzRGF0YV8QQS4uLy4uLy4uL0RvY3VtZW50cy9QREYvRkFWL0Jha2FsYXJreS9TTEFNL1J1YmxlZV9pY2N2MjAxMV9vcmIucGRm0hcLGBlXTlMuZGF0YU8RAdwAAAAAAdwAAgAADE1hY2ludG9zaCBIRAAAAAAAAAAAAAAAAAAAAM1ia0xIKwAAA1oypxdSdWJsZWVfaWNjdjIwMTFfb3JiLnBkZgAAAAAAAAAAAAAAAAAAAAAAAAAAAAAAAAAAAAAAAAAAAAAAAAAAAAADkpZw0lhtKwAAAAAAAAAAAAMABgAACSAAAAAAAAAAAAAAAAAAAAAEU0xBTQAQAAgAAM1iXTwAAAARAAgAANJYXxsAAAABABwDWjKnA1oykQIQ1IAAglNpAAUzeAAFM3cAAMAlAAIAWE1hY2ludG9zaCBIRDpVc2VyczoAVHlsZXI6AERvY3VtZW50czoAUERGOgBGQVY6AEJha2FsYXJreToAU0xBTToAUnVibGVlX2ljY3YyMDExX29yYi5wZGYADgAwABcAUgB1AGIAbABlAGUAXwBpAGMAYwB2ADIAMAAxADEAXwBvAHIAYgAuAHAAZABmAA8AGgAMAE0AYQBjAGkAbgB0AG8AcwBoACAASABEABIARFVzZXJzL1R5bGVyL0RvY3VtZW50cy9QREYvRkFWL0Jha2FsYXJreS9TTEFNL1J1YmxlZV9pY2N2MjAxMV9vcmIucGRmABMAAS8AABUAAgAM//8AAIAG0hscHR5aJGNsYXNzbmFtZVgkY2xhc3Nlc11OU011dGFibGVEYXRhox0fIFZOU0RhdGFYTlNPYmplY3TSGxwiI1xOU0RpY3Rpb25hcnmiIiBfEA9OU0tleWVkQXJjaGl2ZXLRJidUcm9vdIABAAgAEQAaACMALQAyADcAQABGAE0AVQBgAGcAagBsAG4AcQBzAHUAdwCEAI4A0gDXAN8CvwLBAsYC0QLaAugC7ALzAvwDAQMOAxEDIwMmAysAAAAAAAACAQAAAAAAAAAoAAAAAAAAAAAAAAAAAAADLQ==}}

@inproceedings{schindler2006line,
	Author = {Schindler, Grant and Krishnamurthy, Panchapagesan and Dellaert, Frank},
	Booktitle = {3D Data Processing, Visualization, and Transmission, Third International Symposium on},
	Date-Added = {2015-11-02 00:04:29 +0000},
	Date-Modified = {2015-12-24 23:07:34 +0000},
	Keywords = {Line features, Machine vision, Image processing, monoslam, slam, image features},
	Organization = {IEEE},
	Pages = {846--853},
	Read = {1},
	Title = {Line-based structure from motion for urban environments},
	Year = {2006},
	Bdsk-File-1 = {YnBsaXN0MDDUAQIDBAUGJCVYJHZlcnNpb25YJG9iamVjdHNZJGFyY2hpdmVyVCR0b3ASAAGGoKgHCBMUFRYaIVUkbnVsbNMJCgsMDxJXTlMua2V5c1pOUy5vYmplY3RzViRjbGFzc6INDoACgAOiEBGABIAFgAdccmVsYXRpdmVQYXRoWWFsaWFzRGF0YV8QSC4uLy4uLy4uL0RvY3VtZW50cy9QREYvRkFWL0Jha2FsYXJreS9TTEFNL3NjaGluZGxlcjA2XzNkcHZ0X3NmbV9saW5lLnBkZtIXCxgZV05TLmRhdGFPEQH6AAAAAAH6AAIAAAxNYWNpbnRvc2ggSEQAAAAAAAAAAAAAAAAAAADNYmtMSCsAAANaMqcec2NoaW5kbGVyMDZfM2RwdnRfc2ZtX2xpbmUucGRmAAAAAAAAAAAAAAAAAAAAAAAAAAAAAAAAAAAAAAAAAAAAA9IERtJYb6cAAAAAAAAAAAADAAYAAAkgAAAAAAAAAAAAAAAAAAAABFNMQU0AEAAIAADNYl08AAAAEQAIAADSWGGXAAAAAQAcA1oypwNaMpECENSAAIJTaQAFM3gABTN3AADAJQACAF9NYWNpbnRvc2ggSEQ6VXNlcnM6AFR5bGVyOgBEb2N1bWVudHM6AFBERjoARkFWOgBCYWthbGFya3k6AFNMQU06AHNjaGluZGxlcjA2XzNkcHZ0X3NmbV9saW5lLnBkZgAADgA+AB4AcwBjAGgAaQBuAGQAbABlAHIAMAA2AF8AMwBkAHAAdgB0AF8AcwBmAG0AXwBsAGkAbgBlAC4AcABkAGYADwAaAAwATQBhAGMAaQBuAHQAbwBzAGgAIABIAEQAEgBLVXNlcnMvVHlsZXIvRG9jdW1lbnRzL1BERi9GQVYvQmFrYWxhcmt5L1NMQU0vc2NoaW5kbGVyMDZfM2RwdnRfc2ZtX2xpbmUucGRmAAATAAEvAAAVAAIADP//AACABtIbHB0eWiRjbGFzc25hbWVYJGNsYXNzZXNdTlNNdXRhYmxlRGF0YaMdHyBWTlNEYXRhWE5TT2JqZWN00hscIiNcTlNEaWN0aW9uYXJ5oiIgXxAPTlNLZXllZEFyY2hpdmVy0SYnVHJvb3SAAQAIABEAGgAjAC0AMgA3AEAARgBNAFUAYABnAGoAbABuAHEAcwB1AHcAhACOANkA3gDmAuQC5gLrAvYC/wMNAxEDGAMhAyYDMwM2A0gDSwNQAAAAAAAAAgEAAAAAAAAAKAAAAAAAAAAAAAAAAAAAA1I=}}

@inproceedings{shi1994good,
	Author = {Shi, Jianbo and Tomasi, Carlo},
	Booktitle = {Computer Vision and Pattern Recognition, 1994. Proceedings CVPR'94., 1994 IEEE Computer Society Conference on},
	Date-Added = {2015-11-02 00:02:49 +0000},
	Date-Modified = {2015-11-02 00:03:36 +0000},
	Keywords = {Shi-Tomasi, Machine vision, Image processing, monoslam, slam, image features},
	Organization = {IEEE},
	Pages = {593--600},
	Title = {Good features to track},
	Year = {1994},
	Bdsk-File-1 = {YnBsaXN0MDDUAQIDBAUGJCVYJHZlcnNpb25YJG9iamVjdHNZJGFyY2hpdmVyVCR0b3ASAAGGoKgHCBMUFRYaIVUkbnVsbNMJCgsMDxJXTlMua2V5c1pOUy5vYmplY3RzViRjbGFzc6INDoACgAOiEBGABIAFgAdccmVsYXRpdmVQYXRoWWFsaWFzRGF0YV8QNy4uLy4uLy4uL0RvY3VtZW50cy9QREYvRkFWL0Jha2FsYXJreS9TTEFNL3NoaTk0Z29vZC5wZGbSFwsYGVdOUy5kYXRhTxEBtAAAAAABtAACAAAMTWFjaW50b3NoIEhEAAAAAAAAAAAAAAAAAAAAzWJrTEgrAAADWjKnDXNoaTk0Z29vZC5wZGYAAAAAAAAAAAAAAAAAAAAAAAAAAAAAAAAAAAAAAAAAAAAAAAAAAAAAAAAAAAAAAAAAAAOSgi7SWF4EAAAAAAAAAAAAAwAGAAAJIAAAAAAAAAAAAAAAAAAAAARTTEFNABAACAAAzWJdPAAAABEACAAA0lhP9AAAAAEAHANaMqcDWjKRAhDUgACCU2kABTN4AAUzdwAAwCUAAgBOTWFjaW50b3NoIEhEOlVzZXJzOgBUeWxlcjoARG9jdW1lbnRzOgBQREY6AEZBVjoAQmFrYWxhcmt5OgBTTEFNOgBzaGk5NGdvb2QucGRmAA4AHAANAHMAaABpADkANABnAG8AbwBkAC4AcABkAGYADwAaAAwATQBhAGMAaQBuAHQAbwBzAGgAIABIAEQAEgA6VXNlcnMvVHlsZXIvRG9jdW1lbnRzL1BERi9GQVYvQmFrYWxhcmt5L1NMQU0vc2hpOTRnb29kLnBkZgATAAEvAAAVAAIADP//AACABtIbHB0eWiRjbGFzc25hbWVYJGNsYXNzZXNdTlNNdXRhYmxlRGF0YaMdHyBWTlNEYXRhWE5TT2JqZWN00hscIiNcTlNEaWN0aW9uYXJ5oiIgXxAPTlNLZXllZEFyY2hpdmVy0SYnVHJvb3SAAQAIABEAGgAjAC0AMgA3AEAARgBNAFUAYABnAGoAbABuAHEAcwB1AHcAhACOAMgAzQDVAo0CjwKUAp8CqAK2AroCwQLKAs8C3ALfAvEC9AL5AAAAAAAAAgEAAAAAAAAAKAAAAAAAAAAAAAAAAAAAAvs=}}

@article{lowe2004distinctive,
	Author = {Lowe, David G},
	Date-Added = {2015-11-02 00:01:17 +0000},
	Date-Modified = {2015-11-02 00:02:09 +0000},
	Journal = {International journal of computer vision},
	Keywords = {SIFT, Machine vision, Image processing, monoslam, slam, image features},
	Number = {2},
	Pages = {91--110},
	Publisher = {Springer},
	Title = {Distinctive image features from scale-invariant keypoints},
	Volume = {60},
	Year = {2004},
	Bdsk-File-1 = {YnBsaXN0MDDUAQIDBAUGJCVYJHZlcnNpb25YJG9iamVjdHNZJGFyY2hpdmVyVCR0b3ASAAGGoKgHCBMUFRYaIVUkbnVsbNMJCgsMDxJXTlMua2V5c1pOUy5vYmplY3RzViRjbGFzc6INDoACgAOiEBGABIAFgAdccmVsYXRpdmVQYXRoWWFsaWFzRGF0YV8QMi4uLy4uLy4uL0RvY3VtZW50cy9QREYvRkFWL0Jha2FsYXJreS9TTEFNL1NJRlQucGRm0hcLGBlXTlMuZGF0YU8RAaIAAAAAAaIAAgAADE1hY2ludG9zaCBIRAAAAAAAAAAAAAAAAAAAAM1ia0xIKwAAA1oypwhTSUZULnBkZgAAAAAAAAAAAAAAAAAAAAAAAAAAAAAAAAAAAAAAAAAAAAAAAAAAAAAAAAAAAAAAAAAAAAAAAAAD5l590lhfsQAAAAAAAAAAAAMABgAACSAAAAAAAAAAAAAAAAAAAAAEU0xBTQAQAAgAAM1iXTwAAAARAAgAANJYUaEAAAABABwDWjKnA1oykQIQ1IAAglNpAAUzeAAFM3cAAMAlAAIASU1hY2ludG9zaCBIRDpVc2VyczoAVHlsZXI6AERvY3VtZW50czoAUERGOgBGQVY6AEJha2FsYXJreToAU0xBTToAU0lGVC5wZGYAAA4AEgAIAFMASQBGAFQALgBwAGQAZgAPABoADABNAGEAYwBpAG4AdABvAHMAaAAgAEgARAASADVVc2Vycy9UeWxlci9Eb2N1bWVudHMvUERGL0ZBVi9CYWthbGFya3kvU0xBTS9TSUZULnBkZgAAEwABLwAAFQACAAz//wAAgAbSGxwdHlokY2xhc3NuYW1lWCRjbGFzc2VzXU5TTXV0YWJsZURhdGGjHR8gVk5TRGF0YVhOU09iamVjdNIbHCIjXE5TRGljdGlvbmFyeaIiIF8QD05TS2V5ZWRBcmNoaXZlctEmJ1Ryb290gAEACAARABoAIwAtADIANwBAAEYATQBVAGAAZwBqAGwAbgBxAHMAdQB3AIQAjgDDAMgA0AJ2AngCfQKIApECnwKjAqoCswK4AsUCyALaAt0C4gAAAAAAAAIBAAAAAAAAACgAAAAAAAAAAAAAAAAAAALk}}

@inproceedings{ni2006constructing,
	Abstract = {
This paper presents a practical approach to constructing a large-scale speech corpus for corpus-based speech synthesis. This consists of (1) selecting a source text corpus that fits lim- ited target domains; (2) analyzing the source text corpus to obtain the unit statistics; (3) automatically extracting prompt subjects (sentences) from the source text corpus to maximize the intended unit coverage with the given amount of text; and (4) recording prompt subjects while controlling such critical factors that cause undesirable voice variability. This paper describes related computational methods, such as a greedy al- gorithm for prompt selection, the proximity effects found in a real recording system, and a technique for detecting the time- dependent voice variations. While the approach is demon- strated in English, it is also promising for other languages.},
	Annote = {Phonetic rich speech corpus
======================================================
Hloubka:  Povrchn{\'\i}, na{\v s}t{\v e}st{\'\i} obsahuje p{\v r}esn{\'y} popis v{\'y}po{\v c}tu minus log
		likelyhood a estimace mel kepstr{\'a}ln{\'\i} st{\v r}edn{\'\i} hodnoty	 a
		kovarian{\v c}n{\'\i} matice
-----------------------------------------------------------------------------------------------
Zab{\'y}v{\'a} se: minus log likelyhood
		  mel cepstrum
		  power spectral density
-----------------------------------------------------------------------------------------------
Ne{\v r}e{\v s}{\'\i}:	
------------------------------------------------------------------------------------------------
Zaj{\'\i}mavosti: },
	Author = {Ni, Jinfu and Hirai, Toshio and Kawai, Hisashi},
	Booktitle = {Acoustics, Speech and Signal Processing, 2006. ICASSP 2006 Proceedings. 2006 IEEE International Conference on},
	Date-Added = {2015-10-19 19:51:45 +0000},
	Date-Modified = {2015-10-26 13:45:33 +0000},
	Keywords = {sound, sample variability},
	Organization = {IEEE},
	Pages = {I--I},
	Read = {1},
	Title = {Constructing a phonetic-rich speech corpus while controlling time-dependent voice quality variability for English speech synthesis},
	Volume = {1},
	Year = {2006},
	Bdsk-File-1 = {YnBsaXN0MDDUAQIDBAUGJCVYJHZlcnNpb25YJG9iamVjdHNZJGFyY2hpdmVyVCR0b3ASAAGGoKgHCBMUFRYaIVUkbnVsbNMJCgsMDxJXTlMua2V5c1pOUy5vYmplY3RzViRjbGFzc6INDoACgAOiEBGABIAFgAdccmVsYXRpdmVQYXRoWWFsaWFzRGF0YV8QSy4uLy4uLy4uL0RvY3VtZW50cy9QREYvRkFWL0Jha2FsYXJreS9Tb3VuZC9URCB2b2ljZSBxdWFsaXR5IHZhcmlhYmlsaXR5LnBkZtIXCxgZV05TLmRhdGFPEQIEAAAAAAIEAAIAAAxNYWNpbnRvc2ggSEQAAAAAAAAAAAAAAAAAAADNYmtMSCsAAANaMqkfVEQgdm9pY2UgcXVhbGl0eSB2YSMzOTExQzYyLnBkZgAAAAAAAAAAAAAAAAAAAAAAAAAAAAAAAAAAAAAAAAAAA5EcYtIbOLcAAAAAAAAAAAADAAYAAAkgAAAAAAAAAAAAAAAAAAAABVNvdW5kAAAQAAgAAM1iXTwAAAARAAgAANIbHJcAAAABABwDWjKpA1oykQIQ1IAAglNpAAUzeAAFM3cAAMAlAAIAYU1hY2ludG9zaCBIRDpVc2VyczoAVHlsZXI6AERvY3VtZW50czoAUERGOgBGQVY6AEJha2FsYXJreToAU291bmQ6AFREIHZvaWNlIHF1YWxpdHkgdmEjMzkxMUM2Mi5wZGYAAA4AQgAgAFQARAAgAHYAbwBpAGMAZQAgAHEAdQBhAGwAaQB0AHkAIAB2AGEAcgBpAGEAYgBpAGwAaQB0AHkALgBwAGQAZgAPABoADABNAGEAYwBpAG4AdABvAHMAaAAgAEgARAASAE5Vc2Vycy9UeWxlci9Eb2N1bWVudHMvUERGL0ZBVi9CYWthbGFya3kvU291bmQvVEQgdm9pY2UgcXVhbGl0eSB2YXJpYWJpbGl0eS5wZGYAEwABLwAAFQACAAz//wAAgAbSGxwdHlokY2xhc3NuYW1lWCRjbGFzc2VzXU5TTXV0YWJsZURhdGGjHR8gVk5TRGF0YVhOU09iamVjdNIbHCIjXE5TRGljdGlvbmFyeaIiIF8QD05TS2V5ZWRBcmNoaXZlctEmJ1Ryb290gAEACAARABoAIwAtADIANwBAAEYATQBVAGAAZwBqAGwAbgBxAHMAdQB3AIQAjgDcAOEA6QLxAvMC+AMDAwwDGgMeAyUDLgMzA0ADQwNVA1gDXQAAAAAAAAIBAAAAAAAAACgAAAAAAAAAAAAAAAAAAANf}}

@inproceedings{shi2002power,
	Abstract = {This paper proposes a channel equalization algorithm for a large speech database with application in concatenative TTS systems. The convolutional channel distortion is equalized by comparing the power spectral densities (PSDs) of utterances of different recording sessions. Autoregressive linear filters are designed on a corpus level and are used offline to filter the corresponding sentences to compensate for the relative distortions caused by the channel effects. Two experiments are carried out to evaluate the benefit of the channel equalization approach. First, this method is used to reduce the distance of their PSDs between two re- cording sessions to verify the effectiveness of the method. Sec- ondly, it is applied practically in the TTS system. The whole TTS speech database is processed to reduce the PSDs variance over all sessions. Moreover, a subjective listening test is carried out to obtain human evaluation of the new TTS system. Almost all listeners prefer the synthetic speech generated by the new TTS system. Furthermore, an analysis of variance (ANOVA) on this subjective listening test demonstrates that the channel equalization process has significant effect on increasing the per- ceived voice-quality consistency of the TTS system.},
	Annote = {======================================================
Hloubka:  
-----------------------------------------------------------------------------------------------
Zab{\'y}v{\'a} se:  
-----------------------------------------------------------------------------------------------
Ne{\v r}e{\v s}{\'\i}:	
------------------------------------------------------------------------------------------------
Zaj{\'\i}mavosti:},
	Author = {Shi, Yu and Chang, Eric and Peng, Hu and Chu, Min},
	Booktitle = {INTERSPEECH},
	Date-Added = {2015-10-19 19:47:36 +0000},
	Date-Modified = {2015-10-26 13:49:37 +0000},
	Keywords = {sound, sample variability},
	Title = {Power spectral density based channel equalization of large speech database for concatenative TTS system.},
	Year = {2002},
	Bdsk-File-1 = {YnBsaXN0MDDUAQIDBAUGJCVYJHZlcnNpb25YJG9iamVjdHNZJGFyY2hpdmVyVCR0b3ASAAGGoKgHCBMUFRYaIVUkbnVsbNMJCgsMDxJXTlMua2V5c1pOUy5vYmplY3RzViRjbGFzc6INDoACgAOiEBGABIAFgAdccmVsYXRpdmVQYXRoWWFsaWFzRGF0YV8QPy4uLy4uLy4uL0RvY3VtZW50cy9QREYvRkFWL0Jha2FsYXJreS9Tb3VuZC9QU0QgZXF1YWxpemF0aW9uLnBkZtIXCxgZV05TLmRhdGFPEQHUAAAAAAHUAAIAAAxNYWNpbnRvc2ggSEQAAAAAAAAAAAAAAAAAAADNYmtMSCsAAANaMqkUUFNEIGVxdWFsaXphdGlvbi5wZGYAAAAAAAAAAAAAAAAAAAAAAAAAAAAAAAAAAAAAAAAAAAAAAAAAAAAAAAAAA1odzNIbOLcAAAAAAAAAAAADAAYAAAkgAAAAAAAAAAAAAAAAAAAABVNvdW5kAAAQAAgAAM1iXTwAAAARAAgAANIbHJcAAAABABwDWjKpA1oykQIQ1IAAglNpAAUzeAAFM3cAAMAlAAIAVk1hY2ludG9zaCBIRDpVc2VyczoAVHlsZXI6AERvY3VtZW50czoAUERGOgBGQVY6AEJha2FsYXJreToAU291bmQ6AFBTRCBlcXVhbGl6YXRpb24ucGRmAA4AKgAUAFAAUwBEACAAZQBxAHUAYQBsAGkAegBhAHQAaQBvAG4ALgBwAGQAZgAPABoADABNAGEAYwBpAG4AdABvAHMAaAAgAEgARAASAEJVc2Vycy9UeWxlci9Eb2N1bWVudHMvUERGL0ZBVi9CYWthbGFya3kvU291bmQvUFNEIGVxdWFsaXphdGlvbi5wZGYAEwABLwAAFQACAAz//wAAgAbSGxwdHlokY2xhc3NuYW1lWCRjbGFzc2VzXU5TTXV0YWJsZURhdGGjHR8gVk5TRGF0YVhOU09iamVjdNIbHCIjXE5TRGljdGlvbmFyeaIiIF8QD05TS2V5ZWRBcmNoaXZlctEmJ1Ryb290gAEACAARABoAIwAtADIANwBAAEYATQBVAGAAZwBqAGwAbgBxAHMAdQB3AIQAjgDQANUA3QK1ArcCvALHAtAC3gLiAukC8gL3AwQDBwMZAxwDIQAAAAAAAAIBAAAAAAAAACgAAAAAAAAAAAAAAAAAAAMj}}

@article{ni2004detection,
	Abstract = {In an effort to improve the naturalness of concatenative
speech synthesis, a large-scale speech corpus is recorded, and
its recording may last for a period extending from several
months to several years. Different recording sessions may
have differences in transmission channels, and these channel
differences more or less cause time-dependent variability in
voice quality [1]. Concatenating speech segments with
inconsistent voice quality yields audible discontinuities that
degrade the naturalness of synthetic speech. To avoid such
degradation in naturalness, we need a measure to detect the
voice quality variations in the speech corpus on the one hand
and a method for correcting them, whenever necessary, on the
other.
The channel equalization technique based on long-term
power spectral densities (LTPSDs) of speech has been found
to be effective for reducing the voice quality variability in
large-scale speech corpora [2,3]. This paper presents the
experimental results on the LTPSD-based channel equalization
of a 20-hour Mandarin speech corpus, which was
recorded for speech synthesis by a female speaker [4]. We
introduce three new ways to design corrective filters and a
minus log-likelihood measure of the channel difference.
While we know that a perceptual evaluation is very important
[5], the evaluation presented},
	Annote = {======================================================
Hloubka:  Metoda p{\v r}esn{\v e} pops{\'a}na a{\v z} na drobn{\'e} detaily.
-----------------------------------------------------------------------------------------------
Zab{\'y}v{\'a} se:  Nalezen{\'\i} m{\v e}{\v r}{\'\i}tka pro podobnost a spektr{\'a}ln{\'\i} vzd{\'a}lenost
		   vzork{\r u} v korpusu konkatena{\v c}n{\'\i} synt{\'e}zy
		   HLAVN{\v E}: 4 metody pro design filtr{\r u} pro spektr{\'a}ln{\'\i}
		                   p{\v r}ibl{\'\i}{\v z}en{\'\i} vzork{\r u} v datab{\'a}zi.
-----------------------------------------------------------------------------------------------
Ne{\v r}e{\v s}{\'\i}:	
------------------------------------------------------------------------------------------------
Zaj{\'\i}mavosti:},
	Author = {Ni, Jinfu and Kawai, Hisashi and Tsuzaki, Minoru},
	Date-Added = {2015-10-19 12:37:56 +0000},
	Date-Modified = {2015-10-26 13:49:45 +0000},
	Journal = {Acoustical Science and Technology},
	Keywords = {sound, sample variability},
	Number = {4},
	Pages = {303--306},
	Publisher = {ACOUSTICAL SOCIETY OF JAPAN},
	Read = {1},
	Title = {Detection and correction of the channel variability in a Mandarin speech corpus},
	Volume = {25},
	Year = {2004},
	Bdsk-File-1 = {YnBsaXN0MDDUAQIDBAUGJCVYJHZlcnNpb25YJG9iamVjdHNZJGFyY2hpdmVyVCR0b3ASAAGGoKgHCBMUFRYaIVUkbnVsbNMJCgsMDxJXTlMua2V5c1pOUy5vYmplY3RzViRjbGFzc6INDoACgAOiEBGABIAFgAdccmVsYXRpdmVQYXRoWWFsaWFzRGF0YV8QSy4uLy4uLy4uL0RvY3VtZW50cy9QREYvRkFWL0Jha2FsYXJreS9Tb3VuZC9DaGFubmVsIHZhcmlhYmlsaXR5IG1hbmRhcmluLnBkZtIXCxgZV05TLmRhdGFPEQIEAAAAAAIEAAIAAAxNYWNpbnRvc2ggSEQAAAAAAAAAAAAAAAAAAADNYmtMSCsAAANaMqkfQ2hhbm5lbCB2YXJpYWJpbGl0eSMzNUExRENFLnBkZgAAAAAAAAAAAAAAAAAAAAAAAAAAAAAAAAAAAAAAAAAAA1odztIbOLcAAAAAAAAAAAADAAYAAAkgAAAAAAAAAAAAAAAAAAAABVNvdW5kAAAQAAgAAM1iXTwAAAARAAgAANIbHJcAAAABABwDWjKpA1oykQIQ1IAAglNpAAUzeAAFM3cAAMAlAAIAYU1hY2ludG9zaCBIRDpVc2VyczoAVHlsZXI6AERvY3VtZW50czoAUERGOgBGQVY6AEJha2FsYXJreToAU291bmQ6AENoYW5uZWwgdmFyaWFiaWxpdHkjMzVBMURDRS5wZGYAAA4AQgAgAEMAaABhAG4AbgBlAGwAIAB2AGEAcgBpAGEAYgBpAGwAaQB0AHkAIABtAGEAbgBkAGEAcgBpAG4ALgBwAGQAZgAPABoADABNAGEAYwBpAG4AdABvAHMAaAAgAEgARAASAE5Vc2Vycy9UeWxlci9Eb2N1bWVudHMvUERGL0ZBVi9CYWthbGFya3kvU291bmQvQ2hhbm5lbCB2YXJpYWJpbGl0eSBtYW5kYXJpbi5wZGYAEwABLwAAFQACAAz//wAAgAbSGxwdHlokY2xhc3NuYW1lWCRjbGFzc2VzXU5TTXV0YWJsZURhdGGjHR8gVk5TRGF0YVhOU09iamVjdNIbHCIjXE5TRGljdGlvbmFyeaIiIF8QD05TS2V5ZWRBcmNoaXZlctEmJ1Ryb290gAEACAARABoAIwAtADIANwBAAEYATQBVAGAAZwBqAGwAbgBxAHMAdQB3AIQAjgDcAOEA6QLxAvMC+AMDAwwDGgMeAyUDLgMzA0ADQwNVA1gDXQAAAAAAAAIBAAAAAAAAACgAAAAAAAAAAAAAAAAAAANf}}

@article{bailey2006simultaneous,
	Annote = {SLAM TUTORIAL 2
======================================================
Hloubka: Hlub{\v s}{\'\i} ne{\v z} prvn{\'\i} d{\'\i}l, {\v r}e{\v s}{\'\i} n{\v e}kter{\'e} detaily a dal{\v s}{\'\i} temata

-----------------------------------------------------------------------------------------------
Zab{\'y}v{\'a} se: V{\'y}po{\v c}etn{\'\i} n{\'a}ro{\v c}nost{\'\i} a v{\'y}po{\v c}etn{\'\i} optimalizac{\'\i} SLAMu, Data
		  association (srovn{\'a}n{\'\i}m, p{\v r}i{\v r}azen{\'\i}m landmark{\r u}) a 
		  datastrukturami pro reprezentaci mapy

-----------------------------------------------------------------------------------------------
Ne{\v r}e{\v s}{\'\i}:	zp{\r u}sob z{\'\i}sk{\'a}n{\'\i} landmark{\r u}
		
------------------------------------------------------------------------------------------------
Zaj{\'\i}mavosti:},
	Author = {Bailey, Tim and Durrant-Whyte, Hugh},
	Date-Added = {2015-10-18 17:41:01 +0000},
	Date-Modified = {2015-10-22 09:00:31 +0000},
	Journal = {IEEE Robotics \& Automation Magazine},
	Keywords = {slam},
	Number = {3},
	Pages = {108--117},
	Read = {1},
	Title = {Simultaneous localization and mapping (SLAM): Part II},
	Volume = {13},
	Year = {2006},
	Bdsk-File-1 = {YnBsaXN0MDDUAQIDBAUGJCVYJHZlcnNpb25YJG9iamVjdHNZJGFyY2hpdmVyVCR0b3ASAAGGoKgHCBMUFRYaIVUkbnVsbNMJCgsMDxJXTlMua2V5c1pOUy5vYmplY3RzViRjbGFzc6INDoACgAOiEBGABIAFgAdccmVsYXRpdmVQYXRoWWFsaWFzRGF0YV8QOy4uLy4uLy4uL0RvY3VtZW50cy9QREYvRkFWL0Jha2FsYXJreS9TTEFNL1NMQU1UdXRvcmlhbDIucGRm0hcLGBlXTlMuZGF0YU8RAcQAAAAAAcQAAgAADE1hY2ludG9zaCBIRAAAAAAAAAAAAAAAAAAAAM1ia0xIKwAAA1oypxFTTEFNVHV0b3JpYWwyLnBkZgAAAAAAAAAAAAAAAAAAAAAAAAAAAAAAAAAAAAAAAAAAAAAAAAAAAAAAAAAAAAADWhto0hs2WAAAAAAAAAAAAAMABgAACSAAAAAAAAAAAAAAAAAAAAAEU0xBTQAQAAgAAM1iXTwAAAARAAgAANIbGjgAAAABABwDWjKnA1oykQIQ1IAAglNpAAUzeAAFM3cAAMAlAAIAUk1hY2ludG9zaCBIRDpVc2VyczoAVHlsZXI6AERvY3VtZW50czoAUERGOgBGQVY6AEJha2FsYXJreToAU0xBTToAU0xBTVR1dG9yaWFsMi5wZGYADgAkABEAUwBMAEEATQBUAHUAdABvAHIAaQBhAGwAMgAuAHAAZABmAA8AGgAMAE0AYQBjAGkAbgB0AG8AcwBoACAASABEABIAPlVzZXJzL1R5bGVyL0RvY3VtZW50cy9QREYvRkFWL0Jha2FsYXJreS9TTEFNL1NMQU1UdXRvcmlhbDIucGRmABMAAS8AABUAAgAM//8AAIAG0hscHR5aJGNsYXNzbmFtZVgkY2xhc3Nlc11OU011dGFibGVEYXRhox0fIFZOU0RhdGFYTlNPYmplY3TSGxwiI1xOU0RpY3Rpb25hcnmiIiBfEA9OU0tleWVkQXJjaGl2ZXLRJidUcm9vdIABAAgAEQAaACMALQAyADcAQABGAE0AVQBgAGcAagBsAG4AcQBzAHUAdwCEAI4AzADRANkCoQKjAqgCswK8AsoCzgLVAt4C4wLwAvMDBQMIAw0AAAAAAAACAQAAAAAAAAAoAAAAAAAAAAAAAAAAAAADDw==}}

@article{durrant2006simultaneous,
	Annote = {
SLAM TUTORIAL 1
=====================================================================
Hloubka: Povrchn{\'\i} obecn{\'y} popis SLAM {\'u}lohy, z{\'a}kladn{\'\i} metody
-------------------------------------------------------------------------------------------------------------------------
Zab{\'y}v{\'a} se: glob{\'a}ln{\'\i}m popisem SLAM {\'u}lohy, pravd{\v e}podobnostn{\'\i} (klasick{\'y}) SLAM (EKF SLAM), 		  FAST SLAM (Rao-Blackwellized filter)

-------------------------------------------------------------------------------------------------------------------------
Ne{\v r}e{\v s}{\'\i}:	Zp{\r u}sob z{\'\i}sk{\'a}n{\'\i} landmark{\r u}. jejich asociaci a porovn{\'a}n{\'\i}, datov{\'e} struktury pro
		 ulo{\v z}en{\'\i} mapy

-------------------------------------------------------------------------------------------------------------------------
Zaj{\'\i}mavosti:},
	Author = {Durrant-Whyte, Hugh and Bailey, Tim},
	Date-Added = {2015-10-18 17:39:34 +0000},
	Date-Modified = {2015-10-22 09:00:24 +0000},
	Journal = {Robotics \& Automation Magazine, IEEE},
	Keywords = {slam},
	Number = {2},
	Pages = {99--110},
	Publisher = {IEEE},
	Read = {1},
	Title = {Simultaneous localization and mapping: part I},
	Volume = {13},
	Year = {2006},
	Bdsk-File-1 = {YnBsaXN0MDDUAQIDBAUGJCVYJHZlcnNpb25YJG9iamVjdHNZJGFyY2hpdmVyVCR0b3ASAAGGoKgHCBMUFRYaIVUkbnVsbNMJCgsMDxJXTlMua2V5c1pOUy5vYmplY3RzViRjbGFzc6INDoACgAOiEBGABIAFgAdccmVsYXRpdmVQYXRoWWFsaWFzRGF0YV8QOy4uLy4uLy4uL0RvY3VtZW50cy9QREYvRkFWL0Jha2FsYXJreS9TTEFNL1NMQU1UdXRvcmlhbDEucGRm0hcLGBlXTlMuZGF0YU8RAcQAAAAAAcQAAgAADE1hY2ludG9zaCBIRAAAAAAAAAAAAAAAAAAAAM1ia0xIKwAAA1oypxFTTEFNVHV0b3JpYWwxLnBkZgAAAAAAAAAAAAAAAAAAAAAAAAAAAAAAAAAAAAAAAAAAAAAAAAAAAAAAAAAAAAADWhtp0hs2WAAAAAAAAAAAAAMABgAACSAAAAAAAAAAAAAAAAAAAAAEU0xBTQAQAAgAAM1iXTwAAAARAAgAANIbGjgAAAABABwDWjKnA1oykQIQ1IAAglNpAAUzeAAFM3cAAMAlAAIAUk1hY2ludG9zaCBIRDpVc2VyczoAVHlsZXI6AERvY3VtZW50czoAUERGOgBGQVY6AEJha2FsYXJreToAU0xBTToAU0xBTVR1dG9yaWFsMS5wZGYADgAkABEAUwBMAEEATQBUAHUAdABvAHIAaQBhAGwAMQAuAHAAZABmAA8AGgAMAE0AYQBjAGkAbgB0AG8AcwBoACAASABEABIAPlVzZXJzL1R5bGVyL0RvY3VtZW50cy9QREYvRkFWL0Jha2FsYXJreS9TTEFNL1NMQU1UdXRvcmlhbDEucGRmABMAAS8AABUAAgAM//8AAIAG0hscHR5aJGNsYXNzbmFtZVgkY2xhc3Nlc11OU011dGFibGVEYXRhox0fIFZOU0RhdGFYTlNPYmplY3TSGxwiI1xOU0RpY3Rpb25hcnmiIiBfEA9OU0tleWVkQXJjaGl2ZXLRJidUcm9vdIABAAgAEQAaACMALQAyADcAQABGAE0AVQBgAGcAagBsAG4AcQBzAHUAdwCEAI4AzADRANkCoQKjAqgCswK8AsoCzgLVAt4C4wLwAvMDBQMIAw0AAAAAAAACAQAAAAAAAAAoAAAAAAAAAAAAAAAAAAADDw==}}

@book{computer_vision_shapiro,
	Author = {Linda Shapiro, George Stockman},
	Date-Added = {2015-10-18 17:36:05 +0000},
	Date-Modified = {2015-10-18 17:38:50 +0000},
	Keywords = {Machine vision},
	Publisher = {The University of Washington},
	Title = {Computer Vision},
	Year = {2000},
	Bdsk-File-1 = {YnBsaXN0MDDUAQIDBAUGJCVYJHZlcnNpb25YJG9iamVjdHNZJGFyY2hpdmVyVCR0b3ASAAGGoKgHCBMUFRYaIVUkbnVsbNMJCgsMDxJXTlMua2V5c1pOUy5vYmplY3RzViRjbGFzc6INDoACgAOiEBGABIAFgAdccmVsYXRpdmVQYXRoWWFsaWFzRGF0YV8QSS4uLy4uLy4uL0RvY3VtZW50cy9QREYvRkFWL0Jha2FsYXJreS9TTEFNL1NoYXBpcm8gTC4sIENvbXB1dGVyIFZpc2lvbi5wZGbSFwsYGVdOUy5kYXRhTxEB/AAAAAAB/AACAAAMTWFjaW50b3NoIEhEAAAAAAAAAAAAAAAAAAAAzWJrTEgrAAADWjKnH1NoYXBpcm8gTC4sIENvbXB1dGVyIFZpc2lvbi5wZGYAAAAAAAAAAAAAAAAAAAAAAAAAAAAAAAAAAAAAAAAAAAOGlYTSPTJkAAAAAAAAAAAAAwAGAAAJIAAAAAAAAAAAAAAAAAAAAARTTEFNABAACAAAzWJdPAAAABEACAAA0j0WRAAAAAEAHANaMqcDWjKRAhDUgACCU2kABTN4AAUzdwAAwCUAAgBgTWFjaW50b3NoIEhEOlVzZXJzOgBUeWxlcjoARG9jdW1lbnRzOgBQREY6AEZBVjoAQmFrYWxhcmt5OgBTTEFNOgBTaGFwaXJvIEwuLCBDb21wdXRlciBWaXNpb24ucGRmAA4AQAAfAFMAaABhAHAAaQByAG8AIABMAC4ALAAgAEMAbwBtAHAAdQB0AGUAcgAgAFYAaQBzAGkAbwBuAC4AcABkAGYADwAaAAwATQBhAGMAaQBuAHQAbwBzAGgAIABIAEQAEgBMVXNlcnMvVHlsZXIvRG9jdW1lbnRzL1BERi9GQVYvQmFrYWxhcmt5L1NMQU0vU2hhcGlybyBMLiwgQ29tcHV0ZXIgVmlzaW9uLnBkZgATAAEvAAAVAAIADP//AACABtIbHB0eWiRjbGFzc25hbWVYJGNsYXNzZXNdTlNNdXRhYmxlRGF0YaMdHyBWTlNEYXRhWE5TT2JqZWN00hscIiNcTlNEaWN0aW9uYXJ5oiIgXxAPTlNLZXllZEFyY2hpdmVy0SYnVHJvb3SAAQAIABEAGgAjAC0AMgA3AEAARgBNAFUAYABnAGoAbABuAHEAcwB1AHcAhACOANoA3wDnAucC6QLuAvkDAgMQAxQDGwMkAykDNgM5A0sDTgNTAAAAAAAAAgEAAAAAAAAAKAAAAAAAAAAAAAAAAAAAA1U=}}

@inproceedings{davison2003real,
	Abstract = {Ego-motion estimation for an agile single camera moving through general, unknown scenes becomes a much more challenging problem when real-time performance is re- quired rather than under the off-line processing conditions under which most successful structure from motion work has been achieved. This task of estimating camera motion from measurements of a continuously expanding set of self- mapped visual features is one of a class of problems known as Simultaneous Localisation and Mapping (SLAM) in the robotics community, and we argue that such real-time map- ping research, despite rarely being camera-based, is more relevant here than off-line structure from motion methods due to the more fundamental emphasis placed on propaga- tion of uncertainty.
We present a top-down Bayesian framework for single- camera localisation via mapping of a sparse set of natu- ral features using motion modelling and an information- guided active measurement strategy, in particular address- ing the difficult issue of real-time feature initialisation via a factored sampling approach. Real-time handling of un- certainty permits robust localisation via the creating and active measurement of a sparse map of landmarks such that regions can be re-visited after periods of neglect and local- isation can continue through periods when few features are visible. Results are presented of real-time localisation for a hand-waved camera with very sparse prior scene knowl- edge and all processing carried out on a desktop PC.},
	Annote = {Realtime localization and mapping - star{\v s}{\'\i} MONOSLAM
======================================================
Hloubka:  zhruba stejn{\v e} jako monoslam
-----------------------------------------------------------------------------------------------
Zab{\'y}v{\'a} se: Efektivn{\'\i}m algoritmem pro relativn{\v e} robustn{\'\i} slam s jednou
		  {\v c}o{\v c}kou a {\v r}{\'\i}dkou mapou.
		- rychlost, levn{\'a} kamera
		- t{\'e}m{\v e}{\v r} v{\v s}e {\v r}e{\v s}{\'\i} gausovsk{\'y}m {\v s}umem
		- odhad pozice landmarku na polop{\v r}{\'\i}mce
		- Shi-Tomashi
		- filtrov{\'a}n{\'\i} Landmark{\r u} (metrika viditelnosti)
		- inicializace zn{\'a}m{\'y}m objektem
-----------------------------------------------------------------------------------------------
Ne{\v r}e{\v s}{\'\i}:	- rekonstrukci 3D sc{\'e}ny (prim{\'a}rn{\v e} dimenzovan{\'y} na lokalizaci)
------------------------------------------------------------------------------------------------
Zaj{\'\i}mavosti: r},
	Author = {Davison, Andrew J},
	Booktitle = {Computer Vision, 2003. Proceedings. Ninth IEEE International Conference on},
	Date-Added = {2015-10-18 17:31:25 +0000},
	Date-Modified = {2015-10-22 11:50:46 +0000},
	Keywords = {slam, monoslam},
	Organization = {IEEE},
	Pages = {1403--1410},
	Read = {1},
	Title = {Real-time simultaneous localisation and mapping with a single camera},
	Year = {2003},
	Bdsk-File-1 = {YnBsaXN0MDDUAQIDBAUGJCVYJHZlcnNpb25YJG9iamVjdHNZJGFyY2hpdmVyVCR0b3ASAAGGoKgHCBMUFRYaIVUkbnVsbNMJCgsMDxJXTlMua2V5c1pOUy5vYmplY3RzViRjbGFzc6INDoACgAOiEBGABIAFgAdccmVsYXRpdmVQYXRoWWFsaWFzRGF0YV8QPC4uLy4uLy4uL0RvY3VtZW50cy9QREYvRkFWL0Jha2FsYXJreS9TTEFNL1JUX2xvY19tYXBwaW5nLnBkZtIXCxgZV05TLmRhdGFPEQHKAAAAAAHKAAIAAAxNYWNpbnRvc2ggSEQAAAAAAAAAAAAAAAAAAADNYmtMSCsAAANaMqcSUlRfbG9jX21hcHBpbmcucGRmAAAAAAAAAAAAAAAAAAAAAAAAAAAAAAAAAAAAAAAAAAAAAAAAAAAAAAAAAAAAA1obXdIbNlIAAAAAAAAAAAADAAYAAAkgAAAAAAAAAAAAAAAAAAAABFNMQU0AEAAIAADNYl08AAAAEQAIAADSGxoyAAAAAQAcA1oypwNaMpECENSAAIJTaQAFM3gABTN3AADAJQACAFNNYWNpbnRvc2ggSEQ6VXNlcnM6AFR5bGVyOgBEb2N1bWVudHM6AFBERjoARkFWOgBCYWthbGFya3k6AFNMQU06AFJUX2xvY19tYXBwaW5nLnBkZgAADgAmABIAUgBUAF8AbABvAGMAXwBtAGEAcABwAGkAbgBnAC4AcABkAGYADwAaAAwATQBhAGMAaQBuAHQAbwBzAGgAIABIAEQAEgA/VXNlcnMvVHlsZXIvRG9jdW1lbnRzL1BERi9GQVYvQmFrYWxhcmt5L1NMQU0vUlRfbG9jX21hcHBpbmcucGRmAAATAAEvAAAVAAIADP//AACABtIbHB0eWiRjbGFzc25hbWVYJGNsYXNzZXNdTlNNdXRhYmxlRGF0YaMdHyBWTlNEYXRhWE5TT2JqZWN00hscIiNcTlNEaWN0aW9uYXJ5oiIgXxAPTlNLZXllZEFyY2hpdmVy0SYnVHJvb3SAAQAIABEAGgAjAC0AMgA3AEAARgBNAFUAYABnAGoAbABuAHEAcwB1AHcAhACOAM0A0gDaAqgCqgKvAroCwwLRAtUC3ALlAuoC9wL6AwwDDwMUAAAAAAAAAgEAAAAAAAAAKAAAAAAAAAAAAAAAAAAAAxY=}}

@book{laganiere2011opencv,
	Author = {Lagani{\`e}re, Robert},
	Date-Added = {2015-10-18 17:28:27 +0000},
	Date-Modified = {2015-10-18 17:29:03 +0000},
	Keywords = {openCV, Machine vision, Image processing},
	Publisher = {Packt Publishing Ltd},
	Title = {OpenCV 2 Computer Vision Application Programming Cookbook: Over 50 recipes to master this library of programming functions for real-time computer vision},
	Year = {2011},
	Bdsk-File-1 = {YnBsaXN0MDDUAQIDBAUGJCVYJHZlcnNpb25YJG9iamVjdHNZJGFyY2hpdmVyVCR0b3ASAAGGoKgHCBMUFRYaIVUkbnVsbNMJCgsMDxJXTlMua2V5c1pOUy5vYmplY3RzViRjbGFzc6INDoACgAOiEBGABIAFgAdccmVsYXRpdmVQYXRoWWFsaWFzRGF0YV8QoS4uLy4uLy4uL0RvY3VtZW50cy9QREYvRkFWL0Jha2FsYXJreS9TTEFNL09wZW5DViAyIENvbXB1dGVyIFZpc2lvbiBBcHBsaWNhdGlvbiBQcm9ncmFtbWluZyBDb29rYm9vay9PcGVuQ1YgMiBDb21wdXRlciBWaXNpb24gQXBwbGljYXRpb24gUHJvZ3JhbW1pbmcgQ29va2Jvb2sucGRm0hcLGBlXTlMuZGF0YU8RAtIAAAAAAtIAAgAADE1hY2ludG9zaCBIRAAAAAAAAAAAAAAAAAAAAM1ia0xIKwAAA4aVgx9PcGVuQ1YgMiBDb21wdXRlciBWIzQxRTU3NjQucGRmAAAAAAAAAAAAAAAAAAAAAAAAAAAAAAAAAAAAAAAAAAAEHldk0j0yMgAAAAAAAAAAAAMABwAACSAAAAAAAAAAAAAAAAAAAAAfT3BlbkNWIDIgQ29tcHV0ZXIgVmlzaW8jMzg2OTU4MwAAEAAIAADNYl08AAAAEQAIAADSPRYSAAAAAQAgA4aVgwNaMqcDWjKRAhDUgACCU2kABTN4AAUzdwAAwCUAAgCBTWFjaW50b3NoIEhEOlVzZXJzOgBUeWxlcjoARG9jdW1lbnRzOgBQREY6AEZBVjoAQmFrYWxhcmt5OgBTTEFNOgBPcGVuQ1YgMiBDb21wdXRlciBWaXNpbyMzODY5NTgzOgBPcGVuQ1YgMiBDb21wdXRlciBWIzQxRTU3NjQucGRmAAAOAHwAPQBPAHAAZQBuAEMAVgAgADIAIABDAG8AbQBwAHUAdABlAHIAIABWAGkAcwBpAG8AbgAgAEEAcABwAGwAaQBjAGEAdABpAG8AbgAgAFAAcgBvAGcAcgBhAG0AbQBpAG4AZwAgAEMAbwBvAGsAYgBvAG8AawAuAHAAZABmAA8AGgAMAE0AYQBjAGkAbgB0AG8AcwBoACAASABEABIApFVzZXJzL1R5bGVyL0RvY3VtZW50cy9QREYvRkFWL0Jha2FsYXJreS9TTEFNL09wZW5DViAyIENvbXB1dGVyIFZpc2lvbiBBcHBsaWNhdGlvbiBQcm9ncmFtbWluZyBDb29rYm9vay9PcGVuQ1YgMiBDb21wdXRlciBWaXNpb24gQXBwbGljYXRpb24gUHJvZ3JhbW1pbmcgQ29va2Jvb2sucGRmABMAAS8AABUAAgAM//8AAIAG0hscHR5aJGNsYXNzbmFtZVgkY2xhc3Nlc11OU011dGFibGVEYXRhox0fIFZOU0RhdGFYTlNPYmplY3TSGxwiI1xOU0RpY3Rpb25hcnmiIiBfEA9OU0tleWVkQXJjaGl2ZXLRJidUcm9vdIABAAgAEQAaACMALQAyADcAQABGAE0AVQBgAGcAagBsAG4AcQBzAHUAdwCEAI4BMgE3AT8EFQQXBBwEJwQwBD4EQgRJBFIEVwRkBGcEeQR8BIEAAAAAAAACAQAAAAAAAAAoAAAAAAAAAAAAAAAAAAAEgw==}}

@article{slam_monoslam,
	Abstract = {We present a real-time algorithm which can recover the 3D trajectory of a monocular camera, moving rapidly through a previously unknown scene. Our system, which we dub MonoSLAM, is the first successful application of the SLAM methodology from mobile robotics to the "pure vision" domain of a single uncontrolled camera, achieving real time but drift-free performance inaccessible to structure from motion approaches. The core of the approach is the online creation of a sparse but persistent map of natural landmarks within a probabilistic framework. Our key novel contributions include an active approach to mapping and measurement, the use of a general motion model for smooth camera movement, and solutions for monocular feature initialization and feature orientation estimation. Together, these add up to an extremely efficient and robust algorithm which runs at 30 Hz with standard PC and camera hardware. This work extends the range of robotic systems in which SLAM can be usefully applied, but also opens up new areas. We present applications of MonoSLAM to real-time 3D localization and mapping for a high-performance full-size humanoid robot and live augmented reality with a hand-held camera},
	Annote = {MONOSLAM
======================================================
Hloubka:  Relativn{\v e} do hloubky, ale mnoho textu, nemnoho matiky, 
		obsahuje k{\'o}d
-----------------------------------------------------------------------------------------------
Zab{\'y}v{\'a} se: Efektivn{\'\i}m algoritmem pro relativn{\v e} robustn{\'\i} slam s jednou
		  {\v c}o{\v c}kou a {\v r}{\'\i}dkou mapou.
		- rychlost, levn{\'a} kamera
		- t{\'e}m{\v e}{\v r} v{\v s}e {\v r}e{\v s}{\'\i} gausovsk{\'y}m {\v s}umem
		- odhad pozice landmarku na polop{\v r}{\'\i}mce
		- Shi-Tomashi
		- filtrov{\'a}n{\'\i} Landmark{\r u}
		- warping pseudoplan{\'a}rn{\'\i}ch landmark{\r u} pro porovn{\'a}n{\'\i}
		- inicializace zn{\'a}m{\'y}m objektem
-----------------------------------------------------------------------------------------------
Ne{\v r}e{\v s}{\'\i}:	
------------------------------------------------------------------------------------------------
Zaj{\'\i}mavosti: rychlej{\v s}{\'\i} ne{\v z} FastSLAM
		    k{\'o}d: www.doc.ic.ac.uk/~ajl/Scene - C++},
	Author = {Davison, Andrew J and Reid, Ian D and Molton, Nicholas D and Stasse, Olivier},
	Date-Added = {2015-10-18 17:25:40 +0000},
	Date-Modified = {2015-10-22 09:00:36 +0000},
	Journal = {Pattern Analysis and Machine Intelligence, IEEE Transactions on},
	Keywords = {slam, image processing, data association, monoslam},
	Number = {6},
	Pages = {1052--1067},
	Publisher = {IEEE},
	Read = {1},
	Title = {MonoSLAM: Real-time single camera SLAM},
	Volume = {29},
	Year = {2007},
	Bdsk-File-1 = {YnBsaXN0MDDUAQIDBAUGJCVYJHZlcnNpb25YJG9iamVjdHNZJGFyY2hpdmVyVCR0b3ASAAGGoKgHCBMUFRYaIVUkbnVsbNMJCgsMDxJXTlMua2V5c1pOUy5vYmplY3RzViRjbGFzc6INDoACgAOiEBGABIAFgAdccmVsYXRpdmVQYXRoWWFsaWFzRGF0YV8QNi4uLy4uLy4uL0RvY3VtZW50cy9QREYvRkFWL0Jha2FsYXJreS9TTEFNL01vbm9TTEFNLnBkZtIXCxgZV05TLmRhdGFPEQGyAAAAAAGyAAIAAAxNYWNpbnRvc2ggSEQAAAAAAAAAAAAAAAAAAADNYmtMSCsAAANaMqcMTW9ub1NMQU0ucGRmAAAAAAAAAAAAAAAAAAAAAAAAAAAAAAAAAAAAAAAAAAAAAAAAAAAAAAAAAAAAAAAAAAAAA1obatIbNlgAAAAAAAAAAAADAAYAAAkgAAAAAAAAAAAAAAAAAAAABFNMQU0AEAAIAADNYl08AAAAEQAIAADSGxo4AAAAAQAcA1oypwNaMpECENSAAIJTaQAFM3gABTN3AADAJQACAE1NYWNpbnRvc2ggSEQ6VXNlcnM6AFR5bGVyOgBEb2N1bWVudHM6AFBERjoARkFWOgBCYWthbGFya3k6AFNMQU06AE1vbm9TTEFNLnBkZgAADgAaAAwATQBvAG4AbwBTAEwAQQBNAC4AcABkAGYADwAaAAwATQBhAGMAaQBuAHQAbwBzAGgAIABIAEQAEgA5VXNlcnMvVHlsZXIvRG9jdW1lbnRzL1BERi9GQVYvQmFrYWxhcmt5L1NMQU0vTW9ub1NMQU0ucGRmAAATAAEvAAAVAAIADP//AACABtIbHB0eWiRjbGFzc25hbWVYJGNsYXNzZXNdTlNNdXRhYmxlRGF0YaMdHyBWTlNEYXRhWE5TT2JqZWN00hscIiNcTlNEaWN0aW9uYXJ5oiIgXxAPTlNLZXllZEFyY2hpdmVy0SYnVHJvb3SAAQAIABEAGgAjAC0AMgA3AEAARgBNAFUAYABnAGoAbABuAHEAcwB1AHcAhACOAMcAzADUAooCjAKRApwCpQKzArcCvgLHAswC2QLcAu4C8QL2AAAAAAAAAgEAAAAAAAAAKAAAAAAAAAAAAAAAAAAAAvg=}}

@book{imageproc_textbook,
	Author = {Sonka, M. and Hlavac, V. and Boyle, R.},
	Date-Added = {2015-10-18 17:22:39 +0000},
	Date-Modified = {2015-10-18 17:24:08 +0000},
	Isbn = {9781285981444},
	Keywords = {Image processing, Machine vision, textbook},
	Publisher = {Cengage Learning},
	Title = {Image Processing, Analysis, and Machine Vision},
	Url = {https://books.google.cz/books?id=DAxvCgAAQBAJ},
	Year = {2014},
	Bdsk-File-1 = {YnBsaXN0MDDUAQIDBAUGJCVYJHZlcnNpb25YJG9iamVjdHNZJGFyY2hpdmVyVCR0b3ASAAGGoKgHCBMUFRYaIVUkbnVsbNMJCgsMDxJXTlMua2V5c1pOUy5vYmplY3RzViRjbGFzc6INDoACgAOiEBGABIAFgAdccmVsYXRpdmVQYXRoWWFsaWFzRGF0YV8QZi4uLy4uLy4uL0RvY3VtZW50cy9QREYvRkFWL0Jha2FsYXJreS9TTEFNL0ltYWdlX1Byb2Nlc3NpbmdfQW5hbHlzaXNfYW5kX01hY2hpbmVfVmlzaW9uXzNyZF9FZGl0aW9uLnBkZtIXCxgZV05TLmRhdGFPEQJUAAAAAAJUAAIAAAxNYWNpbnRvc2ggSEQAAAAAAAAAAAAAAAAAAADNYmtMSCsAAANaMqcfSW1hZ2VfUHJvY2Vzc2luZ19BbiMzODY5NTgyLnBkZgAAAAAAAAAAAAAAAAAAAAAAAAAAAAAAAAAAAAAAAAAAA4aVgtI9MjIAAAAAAAAAAAADAAYAAAkgAAAAAAAAAAAAAAAAAAAABFNMQU0AEAAIAADNYl08AAAAEQAIAADSPRYSAAAAAQAcA1oypwNaMpECENSAAIJTaQAFM3gABTN3AADAJQACAGBNYWNpbnRvc2ggSEQ6VXNlcnM6AFR5bGVyOgBEb2N1bWVudHM6AFBERjoARkFWOgBCYWthbGFya3k6AFNMQU06AEltYWdlX1Byb2Nlc3NpbmdfQW4jMzg2OTU4Mi5wZGYADgB6ADwASQBtAGEAZwBlAF8AUAByAG8AYwBlAHMAcwBpAG4AZwBfAEEAbgBhAGwAeQBzAGkAcwBfAGEAbgBkAF8ATQBhAGMAaABpAG4AZQBfAFYAaQBzAGkAbwBuAF8AMwByAGQAXwBFAGQAaQB0AGkAbwBuAC4AcABkAGYADwAaAAwATQBhAGMAaQBuAHQAbwBzAGgAIABIAEQAEgBpVXNlcnMvVHlsZXIvRG9jdW1lbnRzL1BERi9GQVYvQmFrYWxhcmt5L1NMQU0vSW1hZ2VfUHJvY2Vzc2luZ19BbmFseXNpc19hbmRfTWFjaGluZV9WaXNpb25fM3JkX0VkaXRpb24ucGRmAAATAAEvAAAVAAIADP//AACABtIbHB0eWiRjbGFzc25hbWVYJGNsYXNzZXNdTlNNdXRhYmxlRGF0YaMdHyBWTlNEYXRhWE5TT2JqZWN00hscIiNcTlNEaWN0aW9uYXJ5oiIgXxAPTlNLZXllZEFyY2hpdmVy0SYnVHJvb3SAAQAIABEAGgAjAC0AMgA3AEAARgBNAFUAYABnAGoAbABuAHEAcwB1AHcAhACOAPcA/AEEA1wDXgNjA24DdwOFA4kDkAOZA54DqwOuA8ADwwPIAAAAAAAAAgEAAAAAAAAAKAAAAAAAAAAAAAAAAAAAA8o=}}

@phdthesis{slam_da_comparison,
	Abstract = {The problem of Simultaneous Localization and Mapping (SLAM) has received a great deal of attention within the robotics literature, and the importance of the solutions to this problem has been well documented for successful operation of autonomous agents in a number of environments. Of the numerous solutions that have been developed for solving the SLAM problem many of the most successful approaches continue to either rely on, or stem from, the Extended Kalman Filter method (EKF). However, the new algorithm FastSLAM has attracted attention for many properties not found in EKF based methods. One such property is the ability to deal with unknown data association and its robustness to data association errors. The problem of data association has also received a great deal of attention in the robotics literature in recent years, and various solutions have been proposed. In an effort to both compare the performance of the EKF and FastSLAM under ambiguous data association situations, as well as compare the performance of three different data association methods a comprehensive study of various SLAM filter-data association combinations is performed. This study will consist of pairing the EKF and FastSLAM filtering approaches with the Joint Compatibility, Sequential Compatibility Nearest Neighbor, and Joint Maximum Likelihood data association methods. The comparison will be based on both contrived simulations as well as application to the publicly available Car Park data set. The simulated results will demonstrate a heavy dependence on geometry, particularly landmark separation, for the performance of both filter performance and the data association algorithms used.(cont.) The real world data set results will demonstrate that the performance of some data association algorithms, when paired with an EKF, can give identical results. At the same time a distinction in mapping performance between those pairings and the EKF paired with Joint Compatibility data association will be shown. These EKF based pairings will be contrasted to the performance obtained for the FastSLAM- Sequential Nearest Neighbor marriage. Finally, the difficulties in applying the Joint Compatibility and Joint Maximum Likelihood data association methods using FastSLAM 1.0 for this data set will be discussed.},
	Annote = {Data association
======================================================
Hloubka:  Z{\v r}ejm{\v e} velmi do hloubky, vysv{\v e}tlov{\'a}n{\'\i} EKF, PF, RB, bulk i 
		individual DA
-----------------------------------------------------------------------------------------------
Zab{\'y}v{\'a} se: Extended Kalman Filter
		  Particle filter ( + Rao-Blackwellization)
		  Bulk + individual data association
		  Velk{\'a} {\v c}{\'a}st knihy jsou simula{\v c}n{\'\i} a experiment{\'a}ln{\'\i} data
-----------------------------------------------------------------------------------------------
Ne{\v r}e{\v s}{\'\i}:	
------------------------------------------------------------------------------------------------
Zaj{\'\i}mavosti: },
	Author = {Cooper, Aron Jace},
	Date-Added = {2015-10-18 17:13:24 +0000},
	Date-Modified = {2015-10-22 12:05:49 +0000},
	Keywords = {slam, data association},
	School = {Massachusetts Institute of Technology},
	Title = {A comparison of data association techniques for simultaneous localization and mapping},
	Year = {2005},
	Bdsk-File-1 = {YnBsaXN0MDDUAQIDBAUGJCVYJHZlcnNpb25YJG9iamVjdHNZJGFyY2hpdmVyVCR0b3ASAAGGoKgHCBMUFRYaIVUkbnVsbNMJCgsMDxJXTlMua2V5c1pOUy5vYmplY3RzViRjbGFzc6INDoACgAOiEBGABIAFgAdccmVsYXRpdmVQYXRoWWFsaWFzRGF0YV8QQi4uLy4uLy4uL0RvY3VtZW50cy9QREYvRkFWL0Jha2FsYXJreS9TTEFNL0RhdGEgQXNzb2NpYXRpb24tTUlULnBkZtIXCxgZV05TLmRhdGFPEQHiAAAAAAHiAAIAAAxNYWNpbnRvc2ggSEQAAAAAAAAAAAAAAAAAAADNYmtMSCsAAANaMqcYRGF0YSBBc3NvY2lhdGlvbi1NSVQucGRmAAAAAAAAAAAAAAAAAAAAAAAAAAAAAAAAAAAAAAAAAAAAAAAAAAAAA3O38tI5hWsAAAAAAAAAAAADAAYAAAkgAAAAAAAAAAAAAAAAAAAABFNMQU0AEAAIAADNYl08AAAAEQAIAADSOWlLAAAAAQAcA1oypwNaMpECENSAAIJTaQAFM3gABTN3AADAJQACAFlNYWNpbnRvc2ggSEQ6VXNlcnM6AFR5bGVyOgBEb2N1bWVudHM6AFBERjoARkFWOgBCYWthbGFya3k6AFNMQU06AERhdGEgQXNzb2NpYXRpb24tTUlULnBkZgAADgAyABgARABhAHQAYQAgAEEAcwBzAG8AYwBpAGEAdABpAG8AbgAtAE0ASQBUAC4AcABkAGYADwAaAAwATQBhAGMAaQBuAHQAbwBzAGgAIABIAEQAEgBFVXNlcnMvVHlsZXIvRG9jdW1lbnRzL1BERi9GQVYvQmFrYWxhcmt5L1NMQU0vRGF0YSBBc3NvY2lhdGlvbi1NSVQucGRmAAATAAEvAAAVAAIADP//AACABtIbHB0eWiRjbGFzc25hbWVYJGNsYXNzZXNdTlNNdXRhYmxlRGF0YaMdHyBWTlNEYXRhWE5TT2JqZWN00hscIiNcTlNEaWN0aW9uYXJ5oiIgXxAPTlNLZXllZEFyY2hpdmVy0SYnVHJvb3SAAQAIABEAGgAjAC0AMgA3AEAARgBNAFUAYABnAGoAbABuAHEAcwB1AHcAhACOANMA2ADgAsYCyALNAtgC4QLvAvMC+gMDAwgDFQMYAyoDLQMyAAAAAAAAAgEAAAAAAAAAKAAAAAAAAAAAAAAAAAAAAzQ=}}

@comment{BibDesk Static Groups{
<?xml version="1.0" encoding="UTF-8"?>
<!DOCTYPE plist PUBLIC "-//Apple//DTD PLIST 1.0//EN" "http://www.apple.com/DTDs/PropertyList-1.0.dtd">
<plist version="1.0">
<array>
	<dict>
		<key>group name</key>
		<string>SLAM</string>
		<key>keys</key>
		<string>schindler2006line,davison2003real,harris1988combined,rublee2011orb,rosten2010faster,lowe2004distinctive,lindeberg1998feature,durrant2006simultaneous,slam_monoslam,shi1994good,bao2011semantic,bay2006surf,dellaert2000feature,slam_da_comparison,bailey2006simultaneous,kadir2004affine,computer_vision_shapiro,forstner1987fast,imageproc_textbook,laganiere2011opencv</string>
	</dict>
	<dict>
		<key>group name</key>
		<string>SOUND</string>
		<key>keys</key>
		<string>shi2002power,ni2006constructing,ni2004detection</string>
	</dict>
</array>
</plist>
}}
